3825 5059
792 438 814 507 5

231 621 445 691 Willielmus
467 622 554 690 filius
578 621 716 689 Jordani
736 620 887 687 Caunton
912 576 1003 688 tenet
1022 622 1064 687 ‹le
1086 622 1217 691 domino
1242 623 1409 711 Corltbeg,
1422 652 1549 719 corkbsg.

178 732 254 798 per
282 710 451 777 servitium
468 710 502 776 ii.
517 710 687 775 feodorum
709 708 831 787 militis,
848 722 882 774 et
899 732 958 793 per
979 710 1111 775 servitia
1130 710 1285 797 homagii,
1305 712 1409 777 fideli·

178 798 287 878 tatis,
305 797 483 863 communis
498 810 591 863 sectae
608 796 716 877 curiae,
734 808 768 860 et
782 817 841 881 per
857 796 1024 862 servitium
1036 797 1134 875 xiia,
1148 798 1235 863 iiiit'.
1251 820 1332 863 cerae
1349 821 1409 884 per

184 908 334 950 annum.

236 970 356 1037 David
370 969 586 1036 Oanictelowe
599 980 689 1035 tenet
700 967 741 1033 de
757 966 888 1033 domino
901 966 1100 1055 Balyoulyn,
1111 970 1210 1055 juxta
1222 969 1410 1036 Coulachan
1423 996 1580 1063 Bntyonlyn

184 1068 226 1124 et
251 1056 454 1143 Kylcridan,
471 1078 530 1141 per
545 1056 712 1121 servitium
736 1054 759 1119 i.
779 1053 867 1119 feodi
887 1055 1010 1133 militia,
1025 1068 1058 1121 et
1077 1078 1137 1140 per
1155 1057 1322 1121 servitium
1344 1058 1408 1123 iili.
1689 1054 1697 1063 ’

186 1165 285 1209 certe
309 1166 369 1227 per
394 1165 527 1220 annum,
551 1155 583 1207 et
609 1165 668 1227 per
695 1140 827 1206 servitia
844 1140 867 1206 i.
888 1142 996 1228 quarti
1015 1140 1103 1208 feodi
1123 1142 1246 1220 militis,
1271 1154 1305 1207 et
1324 1165 1410 1207 com·

187 1230 311 1295 munis
329 1242 423 1294 sectae
437 1228 543 1294 curiae.

239 1314 336 1381 Villa
350 1314 390 1380 de
406 1314 638 1401 Kylmcdonok
656 1326 786 1381 tenetur
805 1314 845 1379 de
867 1314 998 1379 domino
1016 1337 1076 1399 per
1093 1314 1262 1379 servitium
1279 1314 1334 1379 iia.
1350 1338 1410 1398 per
1422 1338 1615 1406 Kylmcdonok.

190 1424 339 1467 annum.
355 1448 382 1469 ..
398 1449 426 1469 ..
441 1449 469 1469 ..
485 1401 655 1488 ejusdem,
674 1425 733 1486 per
759 1400 890 1466 servitia
906 1400 1061 1487 homagii,
1081 1400 1257 1480 fidelitatis,
1273 1413 1307 1466 et
1319 1402 1409 1467 iiiilt'.

190 1511 285 1553 certe
301 1487 393 1552 altari
408 1488 517 1553 Sancti
534 1488 680 1554 Colmani
696 1487 875 1555 Clonensis.

244 1573 423 1652 Johannes,
445 1574 531 1639 filius
555 1573 689 1639 Ricardi
713 1573 796 1651 cod,
820 1584 909 1638 tenet
933 1574 974 1638 de
1000 1572 1132 1639 domino
1156 1573 1327 1658 Moyasch,
1350 1597 1411 1659 per
1425 1602 1559 1668 mma,

192 1660 335 1726 servitia
355 1660 512 1746 quarterii
531 1660 618 1725 seodi
637 1660 759 1737 militis,
779 1673 812 1724 et
829 1659 984 1744 homagii,
1003 1672 1036 1724 et
1053 1672 1147 1725 sectoe
1172 1661 1282 1737 curiae,
1303 1673 1336 1725 et
1351 1684 1410 1745 per

193 1746 372 1897 serviltium
388 1746 485 1825 iiiid,
500 1758 534 1811 et
547 1746 634 1812 iiiila'.
650 1768 731 1811 cerae
747 1768 807 1831 per
822 1768 954 1826 annum,
966 1758 999 1811 et
1011 1746 1094 1832 jacet
1106 1748 1206 1834 juxta
1219 1746 1365 1833 Balyany
1378 1760 1412 1811 et

196 1834 555 1902 Castecort........
1016 1862 1021 1871 ·

320 1968 349 1987 ..
364 1968 392 1987 ..
407 1920 462 1989 .tle
488 1919 619 1985 domino
644 1916 827 1997 Kenelach,
850 1940 923 2004 quse
947 1917 1091 1984 continet
1113 1918 1149 1983 in
1176 1940 1211 1983 se
1239 1918 1411 1983 dimidium
1424 1930 1568 1982 Kenetaeh.

196 2006 293 2070 feodi
307 2006 428 2085 militis,
438 2018 472 2071 et
481 2005 569 2092 jacet
579 2006 676 2091 juxta
691 2005 900 2092 Kylshanny,
913 2018 946 2069 et
961 2005 1125 2089 quondam
1140 2005 1246 2070 tenuit
1261 2006 1412 2070 dominus

199 2093 354 2177 Rogerus
371 2090 497 2166 Power,
514 2113 574 2175 per
593 2091 724 2156 servitia
749 2091 902 2176 homagii,
922 2091 1097 2171 fidelitatis,
1118 2092 1297 2157 communis
1317 2106 1411 2156 sectae

199 2180 314 2257 curioe,
330 2189 363 2241 et
376 2200 436 2261 per
451 2178 618 2243 servitium
633 2201 690 2262 per
706 2201 828 2242 annum
842 2200 896 2243 xa.
913 2179 955 2242 ad
970 2178 1122 2243 terminos
1137 2178 1275 2244 usuales.

250 2264 439 2349 Inquiratur
455 2265 495 2330 de
509 2265 566 2330 illo
582 2276 776 2343 tenemento,
791 2264 881 2350 quod
897 2264 1066 2330 Gilbertus
1082 2264 1217 2331 Melban
1232 2266 1339 2332 tenuit
1352 2288 1412 2349 per

200 2351 336 2416 servitia
348 2374 408 2435 per
426 2374 546 2417 annum
564 2351 645 2429 xia,
660 2364 694 2416 et
710 2351 785 2416 hom
830 2352 864 2430 'i,
879 2350 1057 2431 fidelitatis,
1073 2364 1106 2416 et
1123 2352 1302 2417 communis
1317 2364 1412 2416 secta

202 2436 316 2504 curia.
361 2437 521 2503 Dominus
537 2450 625 2504 tenet
640 2438 674 2503 in
688 2438 720 2503 le
735 2374 839 2525 Ιιγζῖι
847 2450 945 2504 strete
963 2437 1020 2503 ubi
1038 2440 1219 2504 manerium
1234 2450 1283 2503 est
1287 2486 1408 2508 ......

208 2572 219 2592 .
235 2572 263 2591 ..
278 2572 306 2592 ..
321 2573 330 2592 .
344 2575 353 2593 .
366 2524 561 2593 ,Hibernioa
575 2525 663 2590 villa.

249 2610 433 2676 Katherina
447 2611 591 2677 Randals
614 2622 704 2677 tenet
726 2610 767 2676 de
792 2610 922 2676 domino
944 2609 989 2676 vi.
1013 2609 1193 2694 messuagio
1212 2609 1248 2673 in
1265 2608 1296 2672 lo
1316 2605 1412 2693 Irysh

204 2707 317 2772 strete,
330 2720 388 2780 per
403 2698 547 2777 servitia,
562 2712 655 2763 sectae
676 2698 787 2776 curiae,
802 2710 835 2761 et
851 2698 920 2762 vid.
937 2718 997 2779 per
1012 2718 1143 2759 annum.

180 2828 182 2833 r
251 2781 382 2845 Scilicet
407 2782 489 2846 male
513 2793 626 2847 tenent
650 2782 728 2867 quia
755 2804 865 2846 omnes
888 2794 1036 2847 tenentes
1060 2780 1101 2843 de
1125 2777 1269 2864 contagio
1293 2777 1424 2843 debent.

206 2879 353 2951 spectare
369 2867 411 2930 ad
425 2866 593 2931 ecclesiam
608 2867 719 2932 Sancti
734 2866 892 2933 Colmani.

252 2952 432 3018 Nicholaus
461 2951 618 3033 Dexctre,
643 2976 702 3037 per
725 2976 845 3017 anuum
866 2953 915 3018 id.

251 3038 369 3103 Petrus
397 3039 524 3115 Power,
546 3040 580 3105 ii.
602 3040 782 3125 messuagio
803 3062 862 3123 per
885 3060 1018 3115 anuum,
1039 3036 1093 3103 iia.

251 3125 378 3191 Walter
401 3125 589 3212 Laundrey,
610 3126 643 3191 ii.
666 3126 849 3212 messuagio
870 3148 929 3211 per
952 3147 1084 3204 anunm,
1105 3124 1192 3190 xiid.

252 3211 273 3276 J
275 3214 417 3277 ohannes
440 3212 576 3293 Barbor‚
592 3214 650 3299 qui
667 3224 757 3280 tenet
777 3215 819 3278 ad
836 3212 1010 3277 terminum
1031 3212 1106 3277 vitae
1124 3211 1282 3291 futurum,
1299 3211 1311 3276 i
1329 3223 1415 3277 cota-

208 3298 311 3385 gium,
327 3300 339 3363 i
354 3321 461 3363 acram
476 3310 582 3377 terra,
596 3323 655 3384 pro
671 3300 742 3365 vid.
758 3314 791 3365 et
806 3310 892 3365 secta
907 3301 1015 3365 curiae.

253 3385 500 3450 Bartholomeus
523 3386 676 3466 Dullard,
698 3409 758 3471 pro
781 3387 917 3473 cotagio,
939 3407 999 3470 per
1022 3406 1155 3465 annum,
1175 3384 1249 3450 xld.

252 3470 428 3536 Mauritius
453 3472 596 3551 Market,
617 3496 678 3558 pro
700 3473 722 3539 i.
745 3474 882 3559 cotagio,
906 3472 993 3537 xiid.

252 3556 454 3623 Williclmus
477 3558 630 3644 Laghles,
653 3583 712 3645 pro
734 3560 756 3626 i.
779 3560 917 3646 cotagio,
939 3558 1024 3623 xiid.

253 3642 425 3729 Philippus
448 3644 489 3708 de
512 3645 630 3712 Sancto
654 3646 816 3727 Johanne,
838 3668 899 3731 pro
921 3645 944 3709 i.
968 3642 1107 3729 congio,
1128 3641 1224 3709 xvid.

253 3728 413 3815 Magister
438 3730 602 3797 lohannes
620 3732 747 3811 Walsh,
771 3756 830 3818 pro
852 3732 899 3798 iii.
922 3730 1068 3816 cotagiis,
1090 3729 1163 3794 iiid.

253 3813 419 3879 lohannes
441 3816 588 3902 Smythe,
609 3841 669 3903 pro
691 3842 757 3884 uno
780 3818 917 3906 cotagio,
939 3816 1015 3882 xld.

253 3900 434 3965 Nicholaus
457 3900 638 3986 Seynshon,
660 3928 719 3989 pro
742 3929 808 3971 uno
830 3904 969 3990 cotagio,
990 3900 1076 3968 xiid.

252 3985 415 4052 Dominus
438 3986 616 4068 Johannes,
637 4003 743 4055 rector
763 3991 804 4057 do
826 3989 1033 4067 Karulchan,
1053 3987 1127 4055 xld.

253 4074 361 4160 Cyrill
383 4074 522 4160 Comyn,
544 4098 603 4161 pro
625 4076 647 4142 i.
671 4077 808 4163 cotagio,
829 4078 884 4143 iia.

253 4159 365 4227 David
386 4160 512 4237 Walsh,
535 4184 596 4247 pro
618 4162 640 4227 i.
663 4164 801 4250 cotagio,
822 4164 894 4230 vid.

254 4246 420 4313 lohannes
443 4247 566 4335 Blynd‚
588 4272 648 4336 pro
670 4251 692 4317 i.
716 4249 960 4338 cotagio,11ud.

254 4331 418 4400 lohannes
441 4332 545 4423 Grey,
566 4360 626 4423 pro
649 4349 720 4405 orto
738 4337 837 4426 juxta
858 4335 1035 4414 castellum,
1056 4334 1129 4402 vid.
