3825 5059
843 430 891 501 43

259 614 362 679 curiae
377 615 419 681 de
435 612 547 682 Olane.
593 615 668 687 Quo
684 615 738 681 die
753 614 892 679 Thomas
914 615 1053 679 Sawtors
1068 613 1144 679 fecit
1165 614 1311 682 similiter
1326 637 1387 700 pro
1399 615 1467 682 xla.

260 700 410 766 annualis
429 702 575 766 redditus
590 702 712 766 ibidem
732 702 773 765 de
787 700 947 786 burgagio
965 700 1053 785 perci
1079 699 1195 777 iendis,
1208 712 1241 766 et
1260 724 1318 786 per
1336 702 1469 767 servitia

260 788 450 869 supradicta
473 788 625 873 cognovit
646 809 679 851 se
700 800 811 852 tenere
832 787 873 850 de
891 786 1021 850 domino
1075 785 1194 872 alyogy
1213 809 1287 852 cum
1301 786 1359 852 iiii.
1375 809 1467 852 caru·

260 872 341 935 catis
359 884 465 952 terrra,
480 896 538 957 per
557 873 688 938 servitia
707 872 778 937 vid.
794 894 855 957 per
876 893 996 936 annum
1014 882 1046 936 et
1063 871 1241 937 communis
1258 884 1351 938 sectae
1370 873 1467 939 curiae

260 957 306 1020 de
321 957 438 1037 Clone,
452 970 512 1024 etc.
528 958 704 1025 absolutus.

306 1127 434 1192 Seram
462 1141 629 1213 presentes
659 1139 693 1194 et
721 1128 824 1194 futuri
854 1126 944 1229 quod
973 1150 1031 1191 nos
1061 1125 1227 1192 Jobanncs
1256 1128 1466 1211 permissione
1478 1140 1598 1207 sumre.

259 1212 374 1278 divina
391 1214 494 1279 Clone
516 1214 708 1299 Episcopus,
723 1215 764 1279 de
782 1213 927 1279 unanrmi
946 1235 1105 1278 consensu
1122 1225 1156 1278 et
1169 1212 1337 1277 voluntate
1350 1215 1466 1299 magis-

258 1299 305 1361 tri
323 1299 344 1363 J
347 1299 481 1363 ohannis
499 1300 603 1365 Went
620 1300 745 1365 Decaui
763 1300 904 1364 ecclesias
925 1310 1043 1363 nostrae
1061 1297 1253 1363 cathedralis
1274 1310 1307 1363 et
1322 1297 1467 1382 Capituli

259 1383 419 1469 ejusdem,
443 1386 604 1465 dedimus,
621 1385 848 1463 concessimus,
866 1396 899 1450 et
915 1384 977 1448 hac
994 1384 1138 1468 presenti
1156 1396 1267 1449 nostra
1287 1396 1374 1449 carta
1391 1406 1467 1449 con·

257 1468 470 1551 firmavimus,
491 1472 608 1536 dilecto
624 1471 716 1535 nobis
735 1472 770 1535 in
786 1470 915 1536 Christo
931 1469 953 1532 J
954 1470 1074 1534 ohanni
1094 1468 1126 1534 le
1142 1468 1237 1534 Stran
1262 1492 1292 1548 e,
1306 1493 1366 1554 pro
1380 1470 1467 1534 bono

259 1555 394 1620 servitio
408 1578 478 1633 suo,
490 1580 588 1621 unam
600 1557 736 1641 placium
740 1556 840 1705 iim
852 1567 993 1620 castrum
1003 1566 1151 1619 nostrum
1161 1556 1196 1619 in
1233 1556 1239 1569 '
1268 1579 1287 1619 a
1298 1556 1339 1619 dc
1352 1554 1467 1634 Clone,
1486 1571 1491 1580 ’

259 1639 410 1704 situatam
425 1642 460 1705 in
480 1642 685 1727 longitudine
707 1664 725 1705 a
775 1653 825 1705 cto
847 1651 949 1705 castro
969 1662 1075 1724 usque
1096 1640 1137 1704 ad
1156 1641 1242 1705 viam
1261 1641 1403 1727 regalem
1424 1664 1467 1706 ex

258 1738 354 1809 parte
368 1727 504 1803 boreali,
519 1740 552 1792 et
571 1727 605 1791 in
623 1726 795 1792 latitudine
811 1749 829 1790 a
844 1726 930 1790 dicta
949 1726 1003 1789 via
1022 1725 1124 1812 regali
1145 1740 1297 1810 exparte
1317 1727 1466 1792 orientali

259 1812 429 1895 usquead
455 1813 672 1899 messuagium
696 1811 849 1897 Gregorii
873 1811 1033 1889 Cissoris3
1059 1822 1092 1876 et
1117 1812 1294 1876 turbariam
1316 1813 1351 1877 in
1376 1835 1467 1877 mora

259 1908 370 1960 nostra
385 1898 426 1961 de
442 1898 557 1978 Clone,
573 1910 730 1984 quantum
746 1896 862 1962 sufficit
882 1896 944 1961 sibi
966 1898 1008 1960 ad
1029 1896 1147 1962 dictam
1164 1896 1300 1981 placiam
1315 1898 1369 1961 rel
1383 1920 1466 1961 mes-

259 1983 408 2065 susgium
428 1983 615 2068 ubicunque
637 1984 698 2048 srbi
713 1982 833 2048 viderit
855 1981 1022 2066 expedire,
1037 1994 1175 2065 excepto
1195 1983 1267 2047 loco
1282 1982 1340 2047 ubi
1354 1983 1465 2067 glebas

260 2078 385 2132 nostras
398 2068 551 2133 duximus
564 2069 724 2133 faciendas
735 2094 745 2146 3
763 2068 949 2132 habendum
962 2078 994 2131 et
1009 2068 1186 2132 tenendum
1199 2068 1317 2132 dictam
1329 2068 1466 2154 placiam

259 2163 355 2217 terrae
378 2176 451 2217 cum
471 2155 614 2219 turbaris
629 2166 662 2220 et
678 2154 782 2218 libero
801 2154 951 2239 ingressu
969 2155 1011 2217 ad
1028 2154 1163 2218 eandem
1182 2176 1241 2237 pro
1263 2154 1329 2218 suis
1348 2153 1465 2239 glebis,

259 2236 347 2301 dicto
368 2238 390 2301 J
392 2238 511 2303 ohanni
530 2240 704 2305 heredibus
725 2251 759 2305 et
776 2239 942 2325 assignatis
960 2240 1026 2303 suis
1042 2238 1156 2314 libere,
1174 2240 1270 2317 bene,
1288 2239 1416 2325 integre
1431 2254 1465 2306 et

257 2322 391 2405 pacifice
401 2326 441 2388 ad
457 2325 630 2390 terminum
641 2324 698 2389 lix.
712 2348 880 2403 annorum,
889 2324 1066 2408 incipiente
1078 2325 1183 2409 primo
1197 2325 1335 2391 termino
1349 2326 1391 2391 sd
1400 2325 1463 2391 fes-

260 2418 331 2472 tum
343 2408 452 2474 Sancti
466 2411 636 2476 Michaelis
648 2411 833 2495 proximum
847 2410 1007 2489 futurum,
1020 2410 1187 2475 reddendo
1202 2410 1279 2475 inde
1298 2413 1464 2477 annuatim

257 2492 352 2557 nobis
367 2506 400 2559 et
414 2497 651 2561 successoribus
667 2498 784 2562 nostris
797 2498 838 2561 ad
853 2495 971 2561 festum
986 2496 1097 2561 Sancti
1112 2496 1284 2561 Michaelis
1296 2497 1319 2561 ii
1326 2499 1357 2562 d.
1371 2500 1416 2561 ob.
1430 2510 1464 2561 et

258 2578 300 2641 ad
315 2577 431 2645 festum
449 2581 581 2647 Paschae
596 2582 657 2647 iid.
673 2584 719 2647 ob.
732 2584 827 2667 quod.
841 2604 901 2665 pro
919 2582 1006 2646 omni
1026 2582 1158 2646 servitio
1174 2583 1322 2659 seculari,
1337 2585 1462 2647 actione

257 2674 292 2726 et
306 2663 472 2732 demanda.
518 2667 563 2731 Et
574 2690 645 2746 nos,
660 2668 826 2752 predictus
841 2667 862 2731 J
865 2666 1006 2730 ohannes
1021 2666 1204 2751 Episcopus
1220 2678 1253 2731 et
1265 2689 1462 2731 successores

256 2751 360 2814 nostri
379 2764 528 2816 tenemur
543 2752 751 2817 warrantizare
767 2753 853 2815 dicto
869 2752 890 2814 J
892 2751 1012 2816 ohanni
1025 2763 1057 2814 et
1073 2749 1248 2815 heredibus
1263 2750 1329 2814 suis
1344 2749 1463 2815 dictam

256 2834 396 2917 placiam
406 2849 500 2900 terrae
514 2848 624 2900 contra
636 2849 696 2900 etc.
710 2859 769 2919 per
781 2836 948 2899 servitium
960 2848 999 2899 ut
1010 2848 1070 2899 etc.
1102 2835 1144 2897 In
1155 2834 1248 2919 cujus
1259 2834 1307 2898 rei
1318 2835 1462 2900 testimo-

255 2920 349 2983 nium
364 2920 442 2983 huic
480 2922 600 2985 reserati
615 2920 757 3003 sigillum
772 2934 920 2984 nostrum
938 2930 987 2984 est
1001 2940 1190 3003 appensum.
1233 2916 1358 2984 Datum
1373 2923 1462 3005 apud

256 3004 360 3069 Clone
388 3004 423 3068 in
449 2943 531 3069 llisto
559 3006 669 3070 Sancti
695 3006 716 3070 J
719 3004 811 3069 acobi
837 3004 990 3087 Apostoli
1016 3026 1100 3067 anno
1128 3003 1262 3069 Domini
1290 3005 1460 3074 millesimo

256 3089 437 3155 cccxlviii.
454 3102 487 3155 et
502 3092 596 3177 regni
613 3090 767 3156 Edwardi
780 3090 868 3154 tertii
882 3102 955 3173 post
970 3100 1183 3174 conquestum
1197 3090 1328 3177 Angliae
1342 3093 1411 3157 xxi.
1427 3108 1461 3161 et

256 3174 402 3241 Francia
413 3176 480 3241 viii.
488 3201 498 3254 ;
523 3178 567 3241 Et
581 3176 721 3261 predicti
736 3178 888 3241 Decanus
904 3187 937 3240 et
951 3174 1141 3259 Capitulum
1155 3174 1238 3241 hanc
1254 3178 1460 3245 donationem

257 3272 291 3323 ct
305 3262 541 3327 concessionem
561 3278 594 3327 et
612 3274 730 3327 cartam
748 3262 928 3347 predictam
945 3261 1085 3347 predicti
1103 3263 1225 3328 domini
1242 3267 1345 3330 nostri
1363 3266 1459 3351 Epis·

257 3348 331 3429 copi
351 3348 585 3414 confirmamus.
631 3348 751 3414 Ratum
770 3360 802 3413 et
822 3361 950 3435 gratum
971 3348 1139 3428 habentes,
1154 3349 1297 3436 sigillum
1312 3365 1459 3417 nostrum

258 3452 424 3497 commune
451 3434 605 3499 duximus
631 3434 836 3519 presentibus
864 3433 933 3499 fore
964 3437 1204 3520 apponendum.
1258 3435 1381 3500 Datum
1405 3438 1458 3501 die

257 3538 340 3580 anno
370 3530 403 3581 et
430 3519 501 3583 loco
532 3544 569 3584 su
595 3522 747 3597 radictis3
781 3519 844 3584 hiis
871 3522 1008 3586 testibus
1038 3520 1265 3585 Bartholemeo
1294 3518 1460 3600 Arundel,

257 3600 405 3668 Johanne
420 3604 499 3668 Low
523 3628 549 3685 s,
574 3606 750 3672 Laurentio
773 3605 879 3685 codd,
900 3605 1080 3669 Willielmo
1094 3605 1162 3668 filio
1178 3603 1331 3677 Andreae,
1349 3602 1457 3667 Willi-

256 3684 340 3751 elmo
354 3688 421 3753 filio
435 3689 481 3753 W
513 3690 575 3755 tori
590 3691 754 3775 Spernios‚
768 3703 800 3755 et
816 3692 895 3755 aliis.
1079 3764 1085 3772 ⁴

298 3856 386 3923 Hauc
413 3870 462 3925 est
492 3862 664 3925 conventio
694 3861 778 3926 facta
804 3862 890 3925 inter
915 3858 1134 3924 venerabilem
1161 3870 1287 3939 patrem
1314 3858 1457 3926 Alabum

255 3940 320 4006 Dei
341 3946 446 4029 gratia
460 3945 564 4010 Clone
588 3948 800 4031 Episcopum,
815 3969 858 4010 ex
880 3967 944 4008 una
964 3955 1068 4029 parte,
1084 3956 1117 4008 et
1137 3942 1332 4010 Mauritium
1352 3946 1456 4011 filiurn

234 4065 240 4073 ·
256 4026 402 4106 Geraldi‚
418 4054 459 4095 ex
474 4031 548 4108 alia,
563 4055 647 4096 anno
666 4033 705 4096 ab
723 4029 947 4095 Incarnatione
965 4028 1099 4094 Domini
1112 4028 1283 4095 millesimo
1299 4054 1344 4095 cc.
1360 4031 1455 4095 xliiii.

254 4125 345 4179 sexto
370 4115 424 4180 die
448 4117 586 4201 Aprilis,
609 4115 928 4200 superquibusdam
952 4114 1046 4179 terris
1071 4114 1106 4179 in
1134 4115 1305 4203 Oglassyn,
1331 4128 1396 4178 tam
1421 4115 1456 4177 in

253 4202 484 4283 temporalibus
499 4224 595 4287 quam
609 4224 707 4285 super
718 4202 795 4288 jure
807 4212 995 4284 patronatus
1008 4202 1184 4267 earundem
1198 4215 1231 4264 et
1243 4200 1379 4264 aliarum
1392 4211 1459 4264 ter·

252 4304 375 4364 rarum,
389 4286 429 4351 de
449 4288 568 4372 quibus
585 4287 625 4350 lis
642 4288 727 4353 inter
745 4286 876 4353 eosdem
893 4286 1095 4367 vertebatur,
1111 4308 1184 4372 quse
1200 4284 1260 4348 sub
1279 4283 1338 4351 hac
1354 4284 1457 4350 forma
