3825 5059
792 454 815 529 3

199 664 274 707 cum
295 642 519 729 pertinencia
540 655 574 710 ct
590 654 680 710 tenet
700 666 759 728 per
782 640 950 707 servitium
969 640 1058 707 feodi
1077 640 1199 719 militis,
1219 652 1253 708 et
1274 642 1405 709 servitia

197 727 351 815 homagii,
368 731 544 811 fidelitatis,
562 730 740 797 communis
762 740 868 806 secta,
892 728 1021 809 wardae,
1047 751 1106 813 ρετ
1132 729 1301 795 servitium
1323 752 1403 796 xxc.

197 837 258 899 ρετ
282 840 427 884 annum:
454 818 512 903 qui
537 818 671 903 quidem
702 815 881 902 Gregorius
905 827 996 881 tanet
1020 816 1139 882 dictam
1160 815 1273 883 villam
1297 839 1403 903 usquc

197 914 315 967 etatem
331 903 460 969 heredis
477 904 626 969 Hodinet
641 904 681 967 de
696 925 855 967 consensu
870 901 1003 967 domini.

247 988 408 1056 Dominus
444 1012 550 1056 comes
580 989 757 1069 Heraiord,
788 988 937 1054 dominus
972 1010 1078 1053 comes
1113 988 1222 1069 Oxou,
1252 989 1402 1056 domiuus
1415 1006 1528 1059 lamde-

196 1072 362 1141 Johanncs
399 1075 538 1161 Tiptost,
568 1076 717 1142 domiuus
747 1076 887 1141 Thomas
918 1074 1019 1154 Roos,
1052 1086 1165 1140 tenent
1194 1076 1235 1139 de
1272 1076 1403 1142 domino
1450 1092 1454 1097 ’

196 1158 341 1243 Bronde,
365 1185 438 1247 qua
463 1164 606 1229 continet
628 1164 662 1227 in
687 1185 720 1227 se
738 1162 805 1228 viii.
825 1174 989 1227 carucatas
1012 1172 1119 1241 terrae,
1141 1184 1245 1227 unum
1269 1161 1402 1229 feodum

195 1246 318 1327 militis,
342 1271 400 1331 per
430 1250 562 1315 servitia
591 1248 744 1335 homagii,
772 1248 947 1327 fidelitatis,
973 1259 1007 1313 et
1030 1246 1208 1313 communis
1237 1260 1344 1327 sectae,
1369 1261 1404 1315 et

195 1354 255 1417 per
271 1334 438 1400 servitium
456 1336 594 1401 duarum
609 1358 787 1401 marcarum
802 1357 862 1419 per
880 1356 1013 1401 annum.

239 1418 323 1484 Item
338 1432 452 1486 tenent
471 1422 511 1487 dc
536 1422 667 1487 domino
691 1433 794 1487 totum
818 1420 997 1485 manerium
1020 1420 1063 1485 de
1087 1419 1303 1508 Inchequyne
1327 1444 1402 1487 cum
1414 1435 1594 1503 Inchequym.

194 1505 341 1591 quinque
356 1506 454 1585 villis,
468 1510 530 1575 viz.
554 1508 668 1594 Kylle,
697 1507 848 1592 Yoghill,
871 1519 905 1573 et
932 1506 1003 1571 aliis
1026 1506 1124 1586 villis,
1148 1529 1208 1591 ρετ
1231 1508 1402 1574 servitium

193 1590 237 1656 vi.
253 1591 422 1658 feodorum
438 1595 589 1674 militum,
604 1607 638 1660 et
651 1618 711 1680 per
726 1593 924 1679 homagium,
935 1593 1137 1671 fidelitatem,
1149 1607 1182 1659 et
1197 1616 1401 1661 communem

193 1689 311 1742 sectam
337 1680 378 1743 ad
405 1695 545 1746 castrum
569 1683 610 1746 de
632 1680 748 1759 Clone,
769 1693 802 1745 ct
828 1703 887 1765 ρετ
911 1679 1079 1745 servitium
1101 1680 1157 1745 iia.
1182 1703 1241 1765 per
1267 1704 1401 1760 annum,

192 1761 228 1826 iii
239 1764 273 1829 li.
291 1788 384 1846 cerae,
400 1765 423 1831 ii
433 1768 466 1834 lc'.
483 1791 609 1853 comyu.

236 1849 397 1916 Dominus
422 1854 601 1919 Nicholaus
626 1854 754 1939 Coursy
774 1862 864 1917 tenet
887 1853 928 1917 de
953 1851 1082 1917 domiuo
1104 1850 1299 1938 Balykyncl,
1322 1876 1399 1919 con·
1412 1870 1570 1938 Batykynet.

191 1933 349 2001 timentem
372 1939 406 2003 in
428 1962 463 2003 ac
485 1940 519 2003 ii.
536 1952 698 2005 carucatas
721 1951 814 2004 terrae
837 1960 911 2003 cum
933 1938 1150 2023 pertinentiis,
1171 1950 1204 2002 ct
1225 1951 1315 2004 tenet
1339 1963 1399 2024 ρετ

191 2036 338 2104 quartam
355 2036 479 2106 partem
503 2026 591 2090 feodi
614 2026 734 2103 militis,
755 2038 789 2091 et
810 2047 868 2109 per
885 2025 1056 2090 servitium
1077 2026 1144 2106 iia,
1164 2024 1228 2091 iili.
1251 2048 1344 2104 cerae,
1366 2039 1400 2093 et

190 2127 251 2190 ρετ
266 2110 435 2173 servitium
451 2114 628 2177 communis
644 2127 738 2177 secta
755 2111 863 2178 curiae.

234 2192 400 2260 Johannes
416 2196 511 2263 codd
535 2210 624 2264 tenet
647 2200 688 2264 de
713 2199 842 2263 domiuo
867 2222 966 2263 unam
988 2198 1130 2263 villatam
1145 2209 1239 2264 terrae
1252 2210 1397 2265 vocatam
1411 2220 1611 2290 natyinrnghty.

190 2277 440 2369 Balyirrraghty,
465 2308 538 2370 quae
561 2286 650 2372 jacet
672 2287 771 2373 juxta
799 2284 1047 2372 Balykeyetwy‚
1079 2308 1153 2371 quae
1186 2285 1331 2353 continet
1363 2287 1398 2351 in

188 2387 223 2431 se
246 2380 310 2431 tres
334 2384 497 2437 carucatas
522 2385 615 2437 terra
638 2396 714 2437 cum
737 2373 952 2457 pertinentiis,
977 2385 1010 2438 et
1033 2384 1122 2438 tenet
1144 2394 1204 2457 per
1228 2373 1398 2439 servitium

188 2466 311 2536 quartae
333 2457 432 2555 partis
454 2458 543 2524 feodi
565 2460 688 2538 militis,
706 2473 739 2525 et
760 2481 819 2544 ρετ
842 2458 973 2524 servitia
993 2458 1148 2545 homagii,
1171 2458 1348 2538 fidelitatis,
1363 2471 1397 2525 et

188 2560 364 2606 commums
380 2556 487 2625 sectae,
497 2557 530 2610 et
544 2568 604 2631 per
620 2547 787 2613 servitium
803 2548 900 2611 unius
916 2569 1030 2611 marca
1044 2569 1103 2629 ρετ
1119 2568 1250 2609 annum.

188 2708 195 2723 ι
231 2625 325 2691 Idem
354 2628 520 2697 Johanues
550 2645 641 2698 tenet
671 2632 866 2719 Balyregan,
897 2632 993 2697 aliam
1022 2632 1166 2697 villatam
1195 2642 1290 2695 terrae
1320 2653 1394 2713 quar
1410 2650 1563 2718 Balyregm.

181 2724 269 2796 Jacet
279 2714 376 2799 juxta
390 2717 502 2781 villam
515 2718 668 2784 Nicholai
684 2719 873 2804 Loundrey,
882 2731 916 2783 ct
930 2718 1076 2782 continet
1088 2718 1124 2780 in
1139 2740 1174 2782 se
1188 2738 1288 2780 unam
1303 2738 1395 2781 caru·

187 2810 289 2861 catam
304 2810 398 2863 terrae
414 2824 488 2865 cum
504 2804 720 2889 pertinentiis,
735 2826 793 2887 per
809 2804 978 2868 servitium
991 2804 1037 2867 ix.
1053 2802 1153 2886 partis
1168 2800 1257 2865 feodi
1271 2800 1394 2879 militis,

186 2892 220 2946 ct
241 2906 299 2983 ρετ
328 2906 530 2953 communem
559 2901 678 2953 sectam
700 2889 809 2967 curiae,
831 2887 1030 2973 homagium,
1054 2886 1256 2965 fidelitatem,
1278 2898 1311 2951 et
1331 2911 1392 2971 per

185 2982 356 3051 servitium
370 2994 423 3037 xa.
441 2996 499 3057 ρετ
516 2996 645 3039 annum.

229 3054 322 3119 Idem
338 3058 360 3122 J
362 3058 504 3125 ohannes
525 3073 615 3126 tenet
630 3060 823 3147 Balylonan,
845 3058 988 3126 villatam
1010 3070 1104 3126 terrae
1119 3058 1281 3148 jacentem
1294 3060 1392 3147 juxta
1404 3063 1590 3133 ”drumn-

184 3140 390 3228 Balybrahir,
415 3158 448 3211 et
467 3148 611 3213 continet
631 3150 665 3213 in
684 3171 717 3213 se
738 3148 817 3212 duas
839 3159 1001 3213 carucatas
1016 3159 1111 3213 tcrroe
1129 3170 1204 3212 cum
1224 3150 1390 3231 pertinen·
1402 3128 1465 3181 han.

183 3228 250 3308 tiis,
280 3253 339 3314 per
366 3234 534 3301 servitium
561 3252 684 3321 quartae
711 3236 811 3319 partis
839 3234 927 3300 feodi
955 3235 1080 3313 militis,
1109 3245 1143 3299 et
1172 3256 1232 3318 per
1259 3234 1392 3300 servitia

184 3312 335 3402 homagii,
349 3318 526 3400 fidelitatis,
541 3336 574 3387 et
592 3323 769 3388 communis
785 3335 878 3387 sectae
894 3320 1004 3399 curiae,
1016 3333 1049 3387 et
1066 3344 1125 3405 per
1140 3319 1309 3387 servitium
1323 3321 1390 3389 via.

183 3423 241 3485 per
259 3426 391 3471 annum.

225 3488 374 3557 Heredes
385 3491 517 3559 Thomas
530 3494 661 3561 Russell
675 3508 788 3561 tenent
799 3496 840 3561 de
853 3494 983 3560 domino
998 3494 1208 3570 Bernbrowe,
1221 3493 1388 3560 contineri·
1402 3500 1566 3555 Bembroua·

181 3584 245 3638 tem
268 3592 407 3660 quatuor
430 3593 592 3646 carucatas
616 3594 710 3647 terrae
734 3606 807 3647 cum
831 3582 1046 3666 pertinentiis,
1070 3601 1142 3666 quoe
1162 3580 1273 3665 jacent
1291 3579 1390 3665 juxta

181 3658 376 3746 burgagium
398 3667 439 3730 de
462 3667 577 3743 Clone,
598 3691 657 3752 per
679 3669 846 3734 servitium
868 3667 994 3732 dimidii
1016 3666 1104 3731 feodi
1126 3665 1250 3741 militis,
1274 3678 1308 3729 et
1329 3688 1389 3750 ρετ

180 3746 310 3811 servitia
332 3748 484 3838 homagii,
498 3753 675 3835 fidelitatis,
689 3756 868 3821 commuuio
892 3766 999 3831 scctae,
1014 3765 1044 3819 et
1061 3775 1120 3838 per
1135 3751 1304 3818 servitium
1319 3752 1389 3820 xla.

180 3852 238 3915 ρετ
253 3854 385 3899 annum.

223 3918 339 3985 Petrus
355 3921 468 3987 Power
484 3936 573 3990 tenet
588 3927 628 3991 de
642 3927 771 3993 domino
785 3926 930 4014 Naythe‚
942 3949 1016 4012 quac
1025 3925 1113 4012 jacet
1120 3925 1219 4012 juxta
1231 3925 1385 4012 Ingrage,
1399 3938 1512 4005 Naytho.

180 4027 221 4068 ex
237 4028 303 4070 una
324 4020 428 4091 parte,
443 4022 477 4073 et
491 4010 641 4097 Kylhrye
657 4037 700 4078 ex
723 4014 785 4079 alia
799 4028 904 4098 parte,
919 4026 952 4079 et
973 4014 1117 4078 continet
1130 4014 1164 4076 in
1186 4035 1221 4077 se
1237 4015 1384 4097 quinque

180 4105 339 4159 carucatas
350 4107 442 4159 terrae
451 4117 510 4180 per
524 4100 691 4163 servitium
705 4100 829 4165 dimidii
842 4100 930 4166 feodi
941 4100 1064 4180 militis,
1074 4112 1107 4164 et
1120 4122 1178 4183 ρετ
1187 4098 1384 4183 homagium,

178 4176 376 4258 fidelitatem,
385 4194 419 4246 et
433 4206 636 4250 communem
650 4198 780 4263 sectam,
792 4201 825 4252 et
840 4210 899 4271 per
914 4187 1082 4252 servitium
1096 4186 1163 4251 xla.
1177 4207 1237 4269 per
1250 4208 1382 4250 annum.

220 4264 314 4331 Idem
330 4269 447 4334 Petrus
462 4283 553 4337 tenet
565 4284 629 4337 tres
651 4295 739 4337 acras
755 4284 848 4339 terrm
857 4274 954 4360 juxta
970 4271 1229 4359 Balymccarrah,
1244 4270 1304 4335 ubi
1317 4293 1383 4336 una
1396 4282 1596 4347 Batymeeom'b.

179 4349 254 4417 villa
274 4366 322 4420 est
340 4355 412 4435 sita,
427 4368 461 4421 et
481 4359 629 4425 extendit
645 4384 679 4426 se
699 4360 732 4425 in
752 4359 956 4445 longitudine
975 4382 1102 4445 semper
1120 4359 1218 4445 juxta
1234 4355 1382 4444 Balymc·
1394 4348 1510 4438 3ῗῖρὲ
1523 4346 1598 4437 „hii
