3825 5059
298 998 424 1065 aynau.

298 1162 444 1230 xylbryna.

1093 451 1140 523 96

512 638 679 705 ecclesiam
697 637 843 722 predicto
860 636 1040 703 Willielnro
1059 638 1184 724 (logan,
1200 651 1234 703 ot
1255 638 1408 703 inductus
1428 636 1491 703 suit
1510 661 1571 723 per
1593 636 1752 721 Episco«

536 748 592 790 um
614 724 717 790 Clonc
740 746 778 789 oo
803 726 892 810 quod
914 724 978 789 fuit
1000 724 1061 789 sub
1087 725 1233 789 custodia
1253 726 1331 789 dicti
1357 724 1507 803 Henrici,
1528 723 1750 809 quiquidem

512 749 697 896 ilpiscopus
724 810 938 895 prebendavit
961 810 1050 875 illam
1078 811 1246 875 ecclesiam
1270 812 1438 877 reddendo
1462 811 1530 876 xla.
1553 812 1600 875 ad
1629 810 1751 874 Clono

514 920 589 962 oum
604 918 733 962 vicaria.

558 982 708 1069 Kylfadd
726 1005 823 1069 quam
841 995 955 1049 tenent
970 983 1055 1048 Inon
1077 983 1117 1047 do
1134 983 1227 1060 Mod,
1243 983 1408 1049 Robortus
1424 983 1489 1048 Stal
1507 996 1541 1047 et
1556 982 1752 1047 Walterus

513 1068 600 1135 filius
616 1069 775 1135 Iohannis
791 1071 935 1135 continet
950 1070 1067 1133 lxxiiii.
1085 1093 1173 1134 acras
1189 1082 1283 1135 terrac
1298 1070 1465 1135 reddendo
1480 1070 1555 1133 xld.

558 1156 735 1258 Kylbrync
763 1178 861 1241 quam
890 1168 1004 1221 tonent
1035 1156 1192 1220 Ricardus
1221 1156 1308 1221 filius
1338 1156 1471 1220 Thomae
1502 1157 1544 1219 de
1575 1155 1672 1220 Med
1708 1166 1748 1218 et

515 1242 690 1329 Philippus
714 1242 800 1307 filius
824 1242 983 1307 Johannis
1008 1243 1049 1305 do
1078 1242 1160 1306 Med
1185 1243 1328 1307 continet
1349 1266 1406 1307 mn
1433 1243 1525 1325 (xx.)
1548 1242 1607 1307 iiii.
1644 1263 1750 1305 acras

515 1342 609 1396 terrae
624 1342 657 1396 ot
676 1329 842 1395 dimidiam
859 1328 1028 1393 reddendo
1033 1378 1197 1397 ........

299 1426 469 1493 Kyloororan.
559 1415 766 1518 Kplcorerau
784 1437 882 1500 quam
904 1426 1016 1479 tonent
1037 1414 1203 1479 Johannos
1227 1416 1268 1479 do
1289 1416 1395 1502 Kory,
1414 1414 1595 1479 Nioholaus
1618 1414 1749 1499 Kery,

301 1590 431 1659 Mustlyn.

516 1514 661 1568 contrnet
674 1501 755 1567 lxix.
772 1524 859 1565 aeras
875 1514 983 1567 terrac.
999 1552 1027 1568 ..
1044 1550 1070 1568 ..
1086 1503 1267 1568 ‚reddendo
1282 1502 1353 1567 xld.

560 1588 720 1673 Magister
750 1587 917 1653 Gilbertus
949 1588 1114 1673 Obelghy‚
1147 1589 1304 1653 Patricius
1339 1588 1503 1674 Ohdghy,
1536 1586 1747 1672 Malachyas

517 1674 684 1760 Ohelghy,
701 1674 873 1758 Philippus
892 1673 1059 1760 Ohelghy,
1081 1675 1265 1760 Stephanus
1283 1674 1528 1760 Okoartyruyg,
1543 1674 1744 1738 Nicholaus

517 1760 683 1847 Oholghy,
699 1760 869 1825 Cornelius
885 1760 1066 1838 Ocorlrran‚
1082 1761 1250 1827 Mattheus
1264 1761 1431 1847 Obelghy,
1446 1762 1612 1826 Iohannes
1625 1758 1744 1825 Ohel·

539 1848 597 1933 hy,
610 1846 815 1934 Gyllaghtyn
827 1845 949 1911 Ohuoll
974 1846 1022 1926 th,
1034 1848 1173 1913 Thomas
1187 1849 1429 1934 Okoartyruyg,
1442 1860 1590 1912 tenentos
1602 1844 1743 1911 domini

302 1870 797 2019 D011nuahm0r·i3piscopiCtono
820 1933 909 2019 apud
966 1933 1188 2084 onnaghmor&
1195 1936 1298 2021 jurati
1319 1934 1372 1997 (lie
1394 1934 1493 1998 Lunae
1513 1948 1588 2018 post
1606 1934 1740 1999 festum

305 2716 459 2783 Yoonygun.

306 2981 446 3047 Gorbualy.

518 2020 754 2086 Purificationis
782 2021 890 2085 Beatae
916 2020 1032 2085 Mariae
1079 2021 1205 2106 'irginis
1232 2021 1322 2105 apud
1349 2020 1599 2106 Donnaghmor,
1619 2040 1740 2085 coram

518 2106 724 2171 Seneschallo
751 2108 809 2192 qui
835 2106 950 2171 dicunt
977 2129 1077 2192 supra
1102 2122 1336 2173 sacramentum
1366 2130 1475 2183 suum,
1499 2107 1589 2191 quod
1615 2126 1740 2171 omnes

518 2192 672 2256 antedicti
692 2208 768 2257 sunt
789 2194 858 2257 veri
879 2192 1024 2257 hominos
1046 2193 1198 2258 Ecclesiae
1221 2194 1308 2258 beati
1328 2192 1478 2259 Colmani
1495 2194 1536 2257 do
1556 2191 1676 2271 Cloue,
1701 2202 1740 2254 et

517 2288 734 2342 antecessores
748 2300 859 2342 eorum
871 2278 917 2343 ita
929 2276 1065 2343 fuorunt
1080 2291 1113 2343 ot
1127 2280 1217 2364 quod
1229 2302 1295 2344 non
1308 2281 1349 2345 do
1364 2293 1451 2345 torra
1465 2280 1567 2365 ipsius
1582 2278 1739 2345 ecclesiae

517 2379 653 2449 possunt
668 2364 792 2428 moveri
807 2363 928 2448 absquo
944 2363 1076 2428 licentia
1090 2365 1256 2450 Episcopi.

562 2449 648 2514 Item
658 2450 772 2514 dicunt
784 2449 875 2535 quod
886 2450 1036 2514 dominus
1051 2452 1233 2536 Episcopus
1247 2452 1345 2517 habet
1358 2452 1480 2517 ibidem
1492 2476 1548 2517 xv.
1563 2462 1737 2518 carucatas

518 2549 624 2617 torrae,
639 2535 751 2601 vidlt.:
772 2538 815 2602 vi.
830 2548 994 2601 carucatas
1007 2548 1102 2602 terrae
1114 2538 1149 2602 in
1163 2540 1321 2626 burgagio
1336 2562 1411 2625 quae
1425 2540 1574 2605 solebant
1587 2539 1734 2604 reddere

518 2624 562 2691 vi.
578 2646 699 2689 marcas
714 2646 772 2708 por
790 2646 919 2687 aunum.

564 2711 650 2777 Item
662 2711 698 2776 in
711 2711 789 2776 villa
800 2708 983 2798 Yconygan
996 2710 1042 2776 iii.
1059 2725 1223 2778 carucatas
1235 2724 1330 2778 terroe
1342 2735 1416 2799 quae
1429 2712 1577 2778 solebant
1590 2712 1735 2777 reddero

520 2822 579 2953 pgr
598 2798 743 2887 betagios
760 2796 900 2879 xxiiiis.,
916 2811 950 2864 et
965 2798 1108 2865 diversas
1126 2800 1203 2866 alias
1221 2800 1256 2865 in
1275 2800 1425 2865 omnibus
1444 2800 1528 2865 siout
1546 2799 1666 2885 betagii
1685 2798 1736 2862 de

567 2908 639 2954 one.

566 2974 652 3039 Itom
670 2973 836 3059 Corbualy
855 2974 1000 3040 continet
1021 2975 1041 3040 i.
1061 2988 1240 3042 carucatam
1261 2986 1354 3041 terrac
1372 2997 1432 3059 por
1454 2974 1541 3038 idem
1559 2972 1735 3038 servitium

572 3060 653 3124 'acet
667 3060 702 3123 in
718 3060 876 3126 montanis
885 3061 984 3145 juxta
999 3061 1207 3127 Itocheslond
1221 3074 1254 3125 et
1268 3061 1474 3146 burgagium.

523 3071 555 3123 ct

306 3144 487 3211 Balydorithy.
565 3083 651 3207 ltem
671 3144 889 3227 Balydorithy
906 3147 951 3210 iii.
971 3161 1135 3213 carucatas
1155 3160 1248 3213 terrac
1271 3148 1307 3210 iu
1328 3147 1464 3232 betagiis
1482 3170 1542 3231 por
1562 3143 1734 3211 servitium

522 3240 560 3292 ut
575 3250 683 3310 supra,
698 3228 783 3291 inter
798 3230 1003 3312 burgagium.

308 3324 484 3385 Gonpnoroy·
568 3312 652 3377 Item
677 3312 952 3395 Gortyncreybyn
976 3316 1065 3396 quod
1088 3317 1221 3400 quidem
1248 3316 1426 3380 dominium
1449 3318 1600 3381 extendit
1630 3340 1664 3381 so
1689 3316 1734 3380 ad

340 3388 402 3451 byn.

308 3750 428 3814 Burgoys

342 3815 438 3865 (trove.

312 4182 450 4247 Balytuyg.

523 3400 588 3463 duo
602 3395 739 3462 miliaria
753 3396 787 3459 in
802 3395 1020 3471 latitudinem,
1032 3412 1065 3463 et
1079 3402 1113 3463 in
1129 3401 1366 3485 longitudinem
1381 3400 1495 3463 avallo
1510 3424 1583 3483 quae
1596 3415 1736 3467 vocatur

523 3482 793 3571 Gleanymathma
815 3503 918 3566 usque
942 3482 984 3546 ad
1001 3485 1199 3549 amniculum
1217 3486 1258 3549 de
1277 3485 1503 3569 Balydondan,
1519 3497 1553 3548 ot
1569 3485 1604 3547 in
1622 3484 1738 3550 latitu-

524 3573 633 3637 dinem
654 3572 695 3635 do
716 3583 800 3634 terra
823 3568 932 3633 David
950 3593 1056 3655 usquo
1077 3573 1119 3636 ad
1138 3572 1432 3659 Bellaghnarnagy.
1477 3570 1562 3635 Item
1581 3569 1737 3638 dominus

523 3660 622 3725 habet
636 3680 735 3724 unam
750 3657 874 3735 silvam,
890 3679 962 3743 quae
978 3669 1111 3723 vocatur
1127 3658 1385 3745 Gleauygaulan.

569 3746 653 3811 Item
680 3746 830 3832 Burgeys
858 3745 980 3823 Grove‚
1005 3768 1077 3831 quae
1101 3746 1189 3833 jacet
1211 3746 1245 3810 iu
1273 3747 1414 3810 inanerio
1436 3744 1512 3809 filisa
1534 3744 1669 3810 Milonis
1691 3745 1734 3809 de

526 3833 636 3915 Rupe,
651 3833 747 3896 modo
767 3832 877 3897 reddit
897 3855 956 3917 por
974 3856 1094 3897 annum
1110 3834 1143 3898 ii.
1158 3855 1304 3909 marcas3
1328 3846 1362 3897 ot
1382 3832 1472 3919 quod
1486 3833 1514 3897 si
1529 3845 1637 3898 essent
1655 3832 1734 3897 bur·

526 3941 693 4005 gagenscs,
709 3918 865 3983 deberent
885 3918 993 3984 facere
1016 3920 1145 3985 domino
1165 3920 1200 3985 in
1222 3919 1371 3985 omnibus
1393 3933 1430 3985 ut
1450 3919 1669 4006 burgagonsos
1691 3918 1732 3981 do

527 4004 779 4092 Kylmaclonyn,
803 4006 837 4068 iu
862 4006 1011 4070 omnibus
1035 4008 1336 4087 consuetudinibus,
1357 4008 1453 4073 modo
1474 4030 1533 4092 pcr
1554 4029 1676 4072 annum
1698 4004 1732 4068 ii.

527 4114 659 4157 marcas.

572 4180 655 4244 ltom
668 4177 781 4241 dicunt
794 4178 884 4261 quod
900 4178 1062 4244 Robertus
1074 4181 1160 4246 filius
1172 4182 1282 4246 David
1295 4182 1337 4246 de
1350 4181 1447 4266 Rupe
1459 4192 1548 4246 tenet
1562 4179 1735 4264 Balytayg,

527 4266 744 4331 continentem
760 4263 794 4327 in
808 4287 853 4337 so,
867 4276 904 4328 ut
919 4266 952 4328 in
968 4266 1072 4331 boscis
1087 4283 1121 4333 ot
1135 4268 1287 4346 bruariis,
1299 4268 1343 4332 ti.
1354 4280 1517 4333 carucatas
1533 4280 1626 4331 terrae
1637 4266 1736 4352 juxta

528 4352 775 4438 Donnaghmor,
798 4374 855 4435 per
878 4352 1009 4416 servitia
1031 4353 1184 4439 homagii,
1205 4352 1381 4431 fidelitatis,
1404 4354 1533 4431 wardae,
1555 4352 1680 4430 solerii,
1702 4363 1737 4413 et
