3825 5059
762 482 806 553 61

187 669 433 747 manutenendo,
451 666 612 769 querelas,
630 666 782 750 dampna,
806 665 935 750 predas,
953 679 986 733 et
1010 666 1109 746 sorta,
1124 680 1157 735 et
1178 691 1322 754 quascun
1347 694 1388 737 ue

187 754 388 837 spoliationes
408 756 511 854 ipsius
526 752 694 839 Episcopi,
716 761 749 816 et
768 772 901 817 suorum
916 774 1201 839 quorumcunque,
1217 756 1286 821 sine
1302 758 1344 821 do
1358 780 1390 834 o,

83 897 87 902 .
185 840 313 919 frande,
333 839 469 920 fallacia,
483 837 613 917 lioficis,
627 835 681 902 vel
700 836 815 920 quavis
834 835 896 902 alia
914 837 1071 904 malitiosa
1087 861 1136 915 re,
1150 841 1263 920 verbo,
1278 864 1390 926 opere,

186 946 221 989 ac
243 924 342 1006 facto,
362 946 422 1008 pro
445 946 479 989 se
500 936 534 989 et
555 923 634 1002 suis,
656 942 794 1007 persons
814 922 958 1006 propria,
974 923 1009 987 in
1023 923 1173 989 omnibus
1189 925 1343 993 defendet
1356 941 1390 992 et

185 1030 258 1075 cum
273 1008 392 1077 effeetu
406 1019 642 1096 prosequetur:
665 1018 813 1092 preterea
828 1006 857 1071 si
870 1008 1038 1095 contingat
1053 1008 1237 1093 predictum
1256 1010 1390 1095 Episco-

185 1116 277 1178 pum,
285 1094 340 1163 rel
350 1117 426 1161 snos
435 1115 651 1245 quoscunque
663 1102 822 1171 tenentes,
832 1092 1017 1177 depredari,
1026 1092 1080 1159 vel
1091 1094 1207 1180 quovis
1218 1093 1388 1161 ullomodo

185 1179 328 1263 spoliari,
336 1180 435 1247 tuuoi
459 1178 631 1271 emDavrcl
639 1176 712 1245 vult
720 1199 781 1261 pro
790 1198 824 1242 se
836 1189 868 1244 et
878 1177 944 1243 suis
953 1189 1055 1264 etper
1064 1191 1229 1263 presentes
1240 1181 1390 1246 concedit

185 1286 259 1329 cum
277 1266 402 1351 prefato
419 1263 600 1331 venerabili
616 1273 709 1347 patre
726 1260 871 1328 Geraldo
889 1262 1053 1349 Episcopo
1071 1264 1187 1343 Olore,
1200 1265 1236 1331 in
1254 1265 1389 1350 quibus·

185 1348 505 1503 tramitti
520 1346 1193 1516 bllptttttllztttttl
1211 1350 1390 1501 bitti

185 1460 396 1602 personilner
416 1457 564 1585 laboiire
587 1456 708 1603 gosset,
731 1527 810 1583 tuno
833 1540 874 1618 pr
918 1517 1000 1585 'ctus
1025 1458 1136 1586 Divid
1159 1458 1389 1605 pioqemendis

184 1604 354 1685 habendis,
381 1617 438 1671 aut
464 1628 525 1689 pro
554 1602 651 1671 vadio
675 1602 753 1668 iude
780 1603 950 1688 capiendo,
976 1626 1051 1669 cum
1078 1626 1137 1671 sua
1161 1606 1335 1673 retinentia
1357 1618 1390 1672 et

185 1691 336 1773 potencia
347 1689 558 1776 personaliter
573 1698 607 1754 et
617 1686 757 1753 fideliter
768 1686 937 1756 laborabit.
966 1688 1012 1754 Et
1025 1690 1053 1754 si
1068 1689 1176 1755 contio
1202 1703 1235 1757 at
1248 1692 1389 1780 aliquem

185 1775 239 1839 rel
264 1776 390 1861 aliquos
415 1776 456 1841 de
482 1773 681 1850 hominibus,
708 1782 765 1839 aut
789 1773 831 1837 de
858 1774 1050 1860 sequacibus
1076 1774 1156 1841 dicti
1219 1778 1307 1858 auid,
1331 1800 1390 1843 seu
1457 1816 1461 1821 -

179 1880 414 1944 germanorum
439 1882 574 1926 snorum
599 1857 870 1945 qualitercunque
896 1859 1080 1943 predictum
1108 1859 1309 1946 Episcopum
1336 1860 1390 1927 vel

186 1958 422 2046 auos-tenentes
436 1944 609 2045 depredari
623 1964 688 2045 'seu
709 1943 823 2043 quovis
838 1942 909 2044 alio·
918 1944 1016 2010 modo
1036 1967 1051 2008 s
1075 1944 1185 2024 olisre,
1200 1948 1291 2046 quod
1303 1947 1391 2012 idem

186 2028 297 2097 Darsa]
311 2054 371 2117 pro
385 2028 541 2116 predictis
556 2029 648 2095 boms
662 2028 820 2093 habendo
835 2028 978 2094 debitam
992 2041 1026 2095 et
1063 2030 1168 2096 delem
1183 2031 1390 2118 drlsgenciam

188 2129 338 2265 apponet,
353 2127 387 2182 et
404 2116 479 2217 ipsa
490 2115 576 2215 bona
594 2114 639 2181 sio
654 2112 760 2181 ablata
777 2112 862 2180 inter
878 2125 949 2185 octo
965 2114 1042 2215 dies·
1054 2115 1202 2217 proxime
1217 2128 1390 2203 sequentes

187 2212 490 2354 ptfflt‘t
498 2197 819 2352 tt‘sttltrtl
836 2198 1209 2352 ffssssltpl'ttsstt
1226 2202 1391 2354 titt

188 2306 254 2436 liis
276 2372 461 2438 tenentibus
485 2307 745 2447 facieiiestitui,
765 2369 862 2435 etiam
868 2308 901 2441 .P.
914 2420 924 2442 .
936 2419 964 2441 ..
979 2420 1007 2439 ..
1021 2310 1232 2441 ‚officialibui
1243 2311 1391 2440 satiifieri

188 2476 248 2538 pro
271 2456 401 2523 eisdem.
446 2456 587 2522 Necnon
607 2452 752 2539 prefatus
776 2455 971 2522 venerabilis
993 2457 1175 2543 Episcopus
1198 2458 1282 2539 vult,
1301 2459 1391 2544 quod

189 2552 333 2609 tenentes
344 2541 396 2609 sui
407 2542 448 2607 de
458 2540 596 2607 Baliban
608 2537 771 2624 promissis
783 2540 931 2607 omuibus
944 2553 977 2608 et
988 2541 1183 2628 singulis,ut
1191 2545 1389 2629 permittitur

273 2660 290 2696 1
384 2662 401 2698 1
498 2661 515 2697 1
611 2659 628 2695 1
726 2660 743 2696 1
838 2658 855 2694 1
951 2660 969 2696 1
1064 2666 1082 2700 1

324 2762 342 2799 1
437 2760 454 2796 1
550 2762 567 2798 1
663 2762 681 2796 1
776 2760 794 2794 1
888 2765 905 2801 1
1002 2766 1019 2802 1
1118 2768 1135 2802 1
1230 2767 1248 2801 1

273 2866 290 2902 1
388 2864 405 2900 1
500 2860 518 2897 1
612 2860 629 2896 1
725 2862 742 2898 1
838 2864 855 2900 1
952 2865 970 2898 1
1065 2866 1082 2902 1
1178 2866 1195 2902 1
1288 2864 1305 2900 1

289 3032 429 3129 Vipints‘
448 3032 562 3119 lineae,
580 3054 731 3128 quarum
747 3055 872 3105 senem
880 3056 960 3129 prce
978 3032 1117 3129 injurio
1135 3036 1301 3132 temporis

624 3182 689 3253 oin
731 3181 809 3251 eros·
850 3190 966 3276 potest

645 3328 756 3401 Hunc
769 3329 941 3402 Batulum

699 3474 889 3551 claudunt
