3825 5059
720 453 819 523 -15

190 649 268 705 suut
282 640 324 705 de
339 638 482 704 dominio
499 638 540 703 de
556 630 791 725 Kylmoleuyn,
804 648 838 705 et
852 639 942 725 quod
957 661 1023 703 non
1039 650 1089 705 est
1103 638 1253 705 dominus
1268 638 1327 718 ibi,
1337 639 1400 705 nisi

191 726 375 811 Episcopus
390 726 505 791 Cleua.

235 812 491 898 DavidMagnel
503 811 703 899 cognovitne
717 824 828 877 tenere
841 813 881 877 de
895 811 1025 877 domino
1036 810 1071 876 in
1084 812 1247 888 Soboltre‚
1255 824 1290 878 et
1301 811 1400 878 Clon·
1412 815 1552 882 cloanyn.

190 919 269 987 myn
290 922 321 965 v.
344 911 507 964 carucatas
528 912 634 979 terrae,
659 922 732 965 oum
757 898 899 963 dominio
923 898 965 963 de
986 898 1161 985 Clonmyn,
1186 921 1247 986 per
1268 900 1401 965 servitia

190 987 344 1073 homagii,
364 985 540 1064 fidelitatis,
560 996 594 1049 et
611 1000 705 1052 sectae
726 986 904 1051 communis
923 984 1020 1050 castri
1038 985 1079 1050 da
1098 985 1352 1073 Kylmaclenyn,
1363 998 1400 1052 et

191 1095 249 1159 per
279 1073 448 1140 servitium
469 1072 503 1137 ii.
524 1094 703 1137 marcarum
724 1094 785 1157 per
811 1094 943 1151 anuum,
964 1072 1007 1135 ad
1027 1072 1183 1137 terminos
1204 1072 1345 1151 usuales,
1366 1086 1402 1140 et

190 1160 269 1225 fecit
283 1160 415 1225 domino
429 1158 627 1245 homagium,
642 1172 675 1224 et
690 1158 843 1244 coguovit
858 1159 990 1224 servitia
1004 1159 1160 1243 predicta.

234 1246 343 1311 Heres
356 1245 503 1331 Philippi
515 1245 610 1311 Ornol
623 1246 778 1331 cognovit
786 1269 824 1309 se
836 1256 946 1311 tenere
960 1246 1001 1310 de
1013 1245 1146 1309 domino
1155 1244 1176 1309 i.
1186 1242 1352 1309 castellnm
1364 1244 1400 1311 in

191 1330 367 1483 Clonmpm
378 1354 437 1415 per
451 1332 582 1398 servitia
593 1331 639 1398 iiii
646 1334 677 1398 d.
688 1353 747 1418 per
759 1353 891 1409 annum,
903 1332 1058 1418 homagii,
1068 1331 1246 1408 fidelitatis,
1258 1342 1292 1395 et
1304 1342 1401 1397 seete

191 1420 288 1483 curiae
328 1418 613 1506 eKylmaclenyn.

235 1504 418 1570 Dermicius
440 1505 612 1592 Macarthy
631 1504 783 1592 cognovit
802 1526 836 1569 se
857 1516 970 1570 tenere
988 1504 1030 1571 de
1050 1504 1182 1569 domiuo
1203 1503 1399 1569 Kiloorcrau
1411 1504 1581 1572 K51⁰⁰¹f⁰1⁸le

190 1601 290 1657 totam
313 1591 485 1679 integram,
507 1604 614 1677 prout
625 1592 725 1678 jacet,
749 1614 808 1676 per
832 1590 964 1657 servitia
986 1590 1142 1677 homagii,
1165 1589 1342 1669 fidelitatis,
1366 1603 1400 1656 et

191 1678 369 1743 communis
384 1692 490 1757 sectae,
504 1690 537 1744 et
551 1700 610 1764 per
626 1678 796 1743 servitium
810 1676 843 1741 ii.
856 1699 1039 1743 marcarum
1053 1699 1113 1763 per
1128 1698 1262 1757 annum,
1274 1689 1308 1743 et
1322 1676 1400 1743 fecit

190 1763 321 1829 domino
336 1764 534 1851 homagium.

233 1849 433 1916 Willielmus
457 1850 640 1935 Episcopus
662 1849 833 1915 Clonensis
855 1850 989 1916 visitans
1010 1848 1195 1919 ecclesiam.
1210 1898 1327 1920 ...m
1341 1850 1397 1919 ,de

190 1934 375 2013 Bruchane,
402 1937 497 2022 petiit
519 1936 683 2003 redditum
707 1936 749 2001 de
773 1935 934 2023 Kilbroga
980 1936 1147 2001 adomino
1172 1935 1307 2013 Jacobo,
1329 1935 1397 2002 filio

189 2021 333 2100 Nicolai,
354 2021 416 2087 filii
437 2022 585 2107 Philippi
606 2021 722 2087 Jacobi
742 2023 783 2087 de
805 2024 908 2123 Barry
925 1960 1056 2088 domino
1075 2023 1116 2087 de
1137 2021 1321 2103 Bruchane,
1339 2021 1397 2108 qui
1408 2066 1608 2110 „mmm

183 2106 323 2194 juravit,
369 2109 435 2173 uod
456 2108 578 2173 faceret
598 2109 798 2174 voluntatem
820 2109 899 2174 dicu
922 2108 1096 2174 Willielmi
1120 2108 1288 2194 Episcopi,
1311 2132 1396 2174 anno

189 2194 313 2259 domini
371 2194 523 2260 illessimo
546 2194 726 2261 cccclxxxi.
742 2196 860 2260 mensis
878 2195 899 2261 J
901 2196 1026 2261 aunarii
1042 2217 1076 2261 x.
1093 2195 1166 2274 die3
1191 2193 1243 2260 his
1261 2195 1396 2261 testibus

187 2279 406 2364 presentibus,
415 2281 465 2345 M.
480 2280 620 2346 Rectore
633 2294 665 2348 et
676 2281 808 2348 Vioario
821 2282 849 2369 ej
855 2283 968 2349 uadem
979 2282 1055 2361 loci,
1068 2282 1244 2347 Edmundo
1258 2281 1397 2350 Hoverd

187 2378 222 2432 et
236 2367 347 2432 multis
363 2367 441 2432 aliis.

230 2454 417 2540 Burgenses
432 2454 473 2519 de
489 2452 742 2541 Kylmaolenyn,
757 2455 819 2522 viz.
830 2478 881 2520 :-

317 2573 457 2640 Thomas
471 2574 574 2661 Wyn,
593 2575 794 2662 Prepotitus,
921 2576 1034 2642 David
1051 2574 1136 2655 Mol,

316 2661 338 2726 J
341 2662 483 2727 ohannes
499 2661 563 2727 fitz.
577 2662 713 2729 Roberti
729 2663 845 2750 Barry,
920 2662 1031 2728 David
1051 2663 1166 2749 Barry,

317 2747 498 2813 Nicholaus
518 2747 660 2829 Archer,
922 2748 1082 2813 Ricardus
1098 2748 1212 2833 Hyne‚

317 2831 492 2917 Philippus
506 2833 644 2920 Whyte,
919 2833 1095 2918 Philippus
1118 2832 1222 2919 Wyn,

613 2917 810 2983 Willielmus
831 2918 967 3004 Whyte.

229 3055 275 3121 Et
290 3053 344 3120 alii
359 3055 537 3141 burgenses
554 3054 658 3142 jurati
675 3054 788 3121 dicunt
803 3078 863 3140 per
878 3065 1124 3129 sacramentum,
1139 3052 1229 3140 quod
1244 3051 1394 3119 dominus
1406 3063 1608 3133 Kylmnolanyn.

187 3142 369 3227 Episcopus
380 3141 549 3208 Clonensis
562 3154 611 3206 est
624 3141 768 3227 capitalis
782 3143 932 3207 domiuus
945 3143 986 3206 de
997 3140 1249 3227 Kylmaclenyn,
1260 3154 1294 3205 et
1304 3141 1395 3227 quod

186 3229 297 3294 nullus
313 3229 463 3294 dominus
481 3240 530 3294 est
547 3228 668 3293 ibidem
686 3228 748 3293 nisi
765 3229 852 3293 aolus
870 3228 1063 3313 Episcopus,
1079 3240 1112 3293 et
1128 3229 1217 3314 quod
1232 3240 1345 3293 tenent
1358 3228 1395 3293 in

187 3314 345 3402 burgagio
373 3316 419 3381 iii.
446 3328 609 3380 carucatas
640 3328 733 3381 terrae
763 3328 862 3400 prout
883 3316 1006 3402 jacent,
1027 3338 1087 3401 per
1108 3315 1276 3385 servitium
1298 3327 1394 3380 secta

187 3401 351 3467 hundredi
373 3402 416 3467 de
438 3402 542 3467 tribus
565 3403 749 3487 septimanis
771 3403 806 3467 in
827 3403 926 3479 duast
949 3415 982 3467 et
1004 3402 1094 3489 quod
1115 3402 1265 3467 dominus
1287 3412 1393 3487 potest

187 3509 242 3553 eos
260 3489 432 3554 amerciarc
447 3511 508 3574 pro
524 3490 672 3555 omnibus
691 3512 804 3555 eornm
822 3489 1015 3569 defectibus,
1030 3490 1151 3554 tociens
1169 3488 1336 3574 quociens,
1352 3488 1395 3553 ad

186 3574 385 3640 voluntatem
408 3598 509 3655 suam,
531 3575 612 3641 scilt.
630 3575 759 3640 nullum
781 3575 1064 3641 amerciamentum
1085 3575 1121 3639 in
1143 3596 1177 3639 ae
1194 3574 1282 3639 ultra
1295 3573 1394 3651 xiia,

186 3671 220 3725 et
240 3662 353 3727 venire
377 3661 497 3727 debent
519 3663 560 3726 ad
581 3661 801 3740 hundredum,
817 3675 850 3728 et
872 3663 1022 3727 dominus
1044 3661 1143 3726 habet
1164 3672 1290 3724 vastum
1306 3659 1393 3724 inter

187 3768 254 3827 eos,
268 3758 302 3811 et
323 3747 569 3827 forisfacturam,
591 3761 624 3814 et
645 3748 816 3827 relevium,
831 3761 865 3815 et
886 3748 1051 3813 solverent
1072 3745 1204 3811 domino
1226 3745 1312 3811 ultra
1332 3768 1393 3830 per

186 3852 306 3897 aunum
330 3834 432 3900 xxiia.
450 3834 524 3899 iiid.
540 3835 581 3900 ad
602 3835 720 3901 festum
742 3835 925 3916 Michaelis,
947 3848 981 3900 et
1002 3834 1044 3899 ad
1064 3832 1240 3900 terminum
1261 3832 1394 3898 Paschae

185 3918 288 3983 xxiia.
311 3916 397 3991 iiia,
411 3930 566 3985 etonmes
588 3944 747 3987 mensurae
769 3944 882 3987 eorum
905 3932 1003 3987 erunt
1024 3922 1065 3985 de
1083 3918 1215 3984 domino
1233 3918 1392 4005 sigillatae,

186 4014 220 4070 et
241 4025 352 4069 omnes
377 4005 553 4091 burgenses
568 4008 626 4107 qui
647 4021 827 4074 carucatam
850 4008 1001 4082 habeant,
1023 4007 1162 4074 arabunt
1183 4006 1315 4072 domino
1332 4028 1393 4090 per

186 4114 309 4155 annum
324 4090 381 4155 iiii.
394 4091 474 4169 dies,
487 4092 569 4158 ridt.
581 4094 615 4156 ri.
632 4094 701 4157 dies
714 4094 756 4160 ad
770 4118 879 4160 semen
894 4095 1032 4181 yemale,
1047 4106 1080 4160 et
1093 4093 1127 4160 ii.
1144 4093 1212 4158 dies
1227 4092 1268 4156 ad
1282 4114 1393 4157 aarum

186 4177 475 4263 quadragesimale,
499 4189 533 4243 et
558 4179 765 4246 sarculabunt
791 4180 923 4247 bladum
951 4181 1075 4246 domini
1098 4181 1133 4245 in
1160 4190 1274 4256 estate,
1298 4190 1331 4242 et
1355 4176 1393 4242 in

186 4276 377 4350 autumpno,
392 4278 425 4331 et
440 4265 580 4351 quilibet
597 4266 719 4331 habens
740 4266 871 4333 domum
888 4267 1034 4335 inveniet
1051 4288 1156 4333 uuum
1172 4264 1336 4329 hominem
1350 4264 1394 4329 ad

184 4352 372 4421 metendum
386 4352 520 4421 bladum
534 4352 670 4433 domini,
680 4364 714 4423 et
728 4354 897 4423 armabunt
911 4355 1020 4441 perii.
1035 4354 1105 4421 dier
1119 4350 1253 4419 Medum
1266 4348 1393 4417 domini
