3825 5059
1104 469 1152 539 52

524 660 719 733 perpetuum
740 663 936 715 remaneant.
982 651 1028 717 Et
1048 653 1154 718 dictus
1171 653 1271 737 Elyas
1291 666 1324 719 et
1343 654 1481 719 heredes
1500 656 1564 719 mei
1584 658 1737 740 predicta

523 736 713 821 messuagia,
735 734 934 816 molendina,
960 749 1072 815 terras,
1100 752 1204 823 prata,
1228 754 1388 823 pasturas,
1415 765 1533 818 moras,
1561 744 1738 843 turbarias,

523 822 646 896 boscos,
667 822 823 906 virgulta,
837 823 998 901 redditus,
1013 836 1046 889 et
1067 825 1144 889 alias
1166 827 1394 909 possessiones,
1409 850 1475 891 una
1497 849 1571 891 cnm
1591 830 1737 895 servitiis

522 908 689 992 predictis,
705 908 723 972 J
728 908 848 972 ohanni
863 921 896 974 et
911 910 1073 995 Meylero,
1088 912 1122 975 in
1144 911 1249 977 sorma
1263 936 1328 996 qna
1350 913 1501 997 superins
1524 914 1648 978 dictum
1672 927 1736 993 est,

524 1005 636 1058 eontra
651 1016 761 1059 omnes
773 1007 888 1079 gentes
902 995 937 1060 in
954 1011 1149 1080 perpetuum
1163 999 1441 1063 warantizabimus
1461 1017 1495 1063 et
1507 999 1734 1065 defendemus.

524 1079 564 1143 In
588 1080 681 1166 cnjus
699 1081 748 1145 rei
765 1092 825 1145 etc.
873 1080 995 1146 Datum
1010 1094 1084 1162 etc,
1098 1083 1161 1147 hiis
1178 1084 1315 1148 testibus
1330 1096 1392 1149 etc.

309 1266 451 1315 Artacana
462 1266 494 1317 de
567 1250 697 1317 Semne
715 1264 881 1336 presentes
899 1263 931 1317 et
949 1252 1053 1318 futuri
1072 1255 1162 1339 qnod
1179 1278 1240 1340 ego
1259 1255 1418 1320 Ricardus
1435 1256 1521 1321 filius
1536 1255 1619 1320 Adae
1640 1256 1733 1336 dedi,

309 1340 377 1379 ¹⁰⁸⁸
389 1330 492 1381 tracta·
523 1339 677 1415 concessi,
690 1352 723 1403 et
736 1338 796 1403 hac
809 1339 952 1424 presenti
968 1351 1055 1404 carta
1068 1364 1141 1405 mea
1155 1341 1342 1406 confirmavi
1354 1342 1508 1425 Philippo
1522 1342 1732 1428 Maebalagh,

309 1394 379 1458 lagu.
522 1437 556 1489 et
575 1424 752 1490 heredibus
773 1426 840 1489 suis
861 1425 915 1489 vel
939 1426 1120 1511 assignatis,
1139 1427 1195 1491 iiii.
1213 1428 1301 1510 (xx.)
1319 1450 1408 1491 acras
1428 1439 1522 1492 terrae
1542 1428 1673 1493 arabilis
1695 1430 1730 1493 in

521 1522 705 1576 tenemento
729 1511 769 1575 de
786 1510 1041 1597 Kylmaclenyn,
1055 1512 1140 1577 sicut
1162 1513 1284 1577 eaedem
1306 1525 1535 1578 mensurantur
1550 1526 1584 1577 et
1603 1537 1730 1597 peram·

520 1596 676 1661 bulantur
705 1619 763 1681 per
788 1608 887 1662 metas
911 1608 944 1663 et
969 1598 1108 1677 bundas,
1135 1600 1322 1663 habendum
1346 1610 1379 1663 et
1405 1600 1584 1663 tenendum
1610 1601 1731 1665 dictam

520 1697 641 1746 terram
663 1704 738 1747 eum
759 1684 976 1766 pertinentiis,
992 1686 1032 1748 de
1054 1707 1106 1748 me
1122 1698 1155 1750 et
1176 1685 1351 1750 heredibus
1372 1686 1452 1749 meis
1470 1685 1524 1750 vel
1547 1685 1728 1770 assignatis,

520 1768 583 1833 sibi
612 1780 645 1833 et
674 1769 849 1835 heredibus
879 1770 946 1835 suis
976 1770 1029 1835 vel
1063 1771 1241 1855 assignatis,
1270 1771 1386 1847 libere,
1416 1771 1538 1855 quiete,
1567 1772 1728 1855 plenarie,

518 1854 659 1939 integre,
666 1855 743 1941 jure
756 1855 966 1931 hereditario,
977 1857 1061 1920 bene
1074 1872 1108 1921 et
1121 1858 1157 1920 in
1172 1880 1263 1941 pace,
1275 1880 1349 1921 eum
1362 1856 1513 1921 omnibus
1524 1856 1729 1922 libertatibus

519 1952 553 2005 et
575 1941 685 2005 liberis
710 1942 1002 2008 consuetudinibus
1029 1943 1070 2006 ad
1097 1943 1216 2007 dictam
1240 1956 1359 2007 terram
1384 1943 1605 2026 spectantibus
1617 1968 1627 2020 3
1653 1944 1727 2008 red·

520 2027 627 2092 dendo
642 2027 719 2092 inde
734 2028 901 2093 annuatim
919 2051 979 2112 pro
995 2051 1029 2092 se
1049 2041 1083 2092 et
1103 2028 1280 2093 heredibus
1301 2029 1379 2107 suis,
1402 2029 1484 2093 mihi
1499 2042 1532 2091 et
1552 2028 1728 2093 heredibus

518 2115 598 2177 meis
622 2113 676 2178 vel
700 2115 880 2200 assignatis,
900 2137 998 2178 unam
1021 2137 1126 2178 rosam
1154 2115 1195 2179 ad
1222 2115 1434 2180 Nativitatem
1456 2113 1545 2179 beati
1568 2114 1729 2179 lobannis

518 2196 686 2283 Baptistae,
701 2212 735 2264 et
748 2222 806 2263 xx.
821 2200 939 2265 solidos
955 2212 989 2264 et
1001 2200 1095 2264 xviii.
1108 2201 1258 2265 denarios
1278 2201 1440 2284 Episcopo
1457 2199 1572 2277 illone,
1587 2201 1629 2264 ad
1644 2200 1728 2265 duos

519 2286 596 2347 anni
613 2286 780 2363 terminos,
796 2286 903 2361 vidlt.‚
921 2285 1088 2349 dimidiam
1106 2287 1147 2350 ad
1167 2286 1336 2365 Pascham,
1351 2300 1385 2352 et
1406 2285 1500 2349 aliam
1521 2285 1728 2350 medietatem

518 2370 559 2433 ad
578 2368 698 2434 festum
716 2371 827 2435 Sancti
846 2371 1029 2447 Michaelis,
1044 2393 1104 2454 pro
1123 2374 1212 2436 omni
1230 2372 1361 2437 servitio
1379 2372 1528 2448 seculari,
1546 2373 1727 2452 exactione,

518 2466 551 2520 et
566 2456 733 2519 demanda.
779 2456 851 2542 Ego
867 2478 945 2521 vero
961 2456 1127 2540 predictus
1147 2458 1306 2522 Ricardus
1323 2457 1411 2521 filius
1426 2458 1522 2533 nde,
1537 2470 1571 2521 et
1587 2458 1726 2523 heredes

517 2542 581 2606 mei
598 2542 652 2607 vel
674 2542 838 2627 assignati,
860 2542 985 2606 dietam
997 2554 1116 2607 terram
1131 2567 1189 2627 pro
1206 2544 1353 2627 predicto
1374 2543 1517 2617 redditu,
1536 2555 1575 2607 ut
1592 2566 1724 2628 expres·

516 2650 587 2692 sum
618 2640 679 2708 est,
707 2639 819 2692 contra
847 2650 958 2693 omnes
987 2628 1134 2694 homines
1161 2642 1194 2694 et
1221 2630 1357 2694 feminas
1384 2629 1663 2693 warantizabimus
1691 2641 1724 2694 et

517 2714 738 2780 defendemus.
782 2714 830 2780 Ut
851 2728 960 2779 autem
977 2715 1046 2779 haec
1064 2738 1136 2781 mea
1153 2716 1283 2780 donatio
1303 2730 1336 2781 et
1353 2715 1512 2799 presentis
1534 2727 1629 2779 cartae
1648 2737 1723 2778 con·

516 2802 653 2866 firmatio
668 2814 745 2867 ratae
766 2812 799 2867 et
819 2800 948 2867 stabiles
969 2801 1003 2865 in
1027 2815 1224 2887 perpetuum
1242 2811 1463 2886 permaneant,
1477 2800 1554 2864 huic
1579 2802 1723 2883 presenti

517 2902 612 2952 cartae
635 2888 777 2975 sigillum
795 2911 903 2954 meum
920 2887 984 2952 feci
999 2890 1130 2972 apponi,
1145 2890 1207 2953 hiis
1226 2888 1372 2962 testibus,
1391 2887 1534 2951 Roberto
1557 2887 1598 2951 de
1617 2886 1723 2967 Barry

516 2974 582 3039 filio
597 2974 744 3055 Roberti,
754 2974 909 3059 Philippo
925 2974 1073 3061 Magnel,
1083 2976 1229 3040 Waltero
1243 2973 1390 3060 Magnel,
1404 2973 1425 3037 J
1428 2973 1554 3036 ohanne
1569 2972 1723 3058 Baghles,

517 3073 550 3123 et
568 3061 650 3138 aliis,
665 3073 726 3125 etc.

559 3188 752 3251 Urvrvuams
772 3187 829 3251 has
851 3188 960 3253 literas
982 3188 1176 3272 inspecturis
1198 3188 1250 3253 vel
1270 3187 1439 3262 audituris,
1458 3184 1568 3249 David
1588 3184 1721 3250 Manba-

515 3271 591 3357 lagh
614 3272 750 3336 salutem
772 3274 805 3335 in
828 3274 980 3338 Domino.
1026 3275 1168 3338 Noverit
1186 3275 1379 3338 universitas
1402 3284 1519 3346 vestra,
1537 3272 1626 3356 quod
1647 3294 1721 3356 ego,

515 3380 574 3441 pro
590 3379 653 3435 me,
666 3356 842 3421 heredibus
857 3358 935 3421 meis
947 3359 1001 3421 vel
1016 3360 1307 3444 assignatis,totum
1317 3359 1374 3444 jus
1387 3358 1478 3442 quod
1491 3356 1591 3420 habui
1606 3356 1721 3434 habeo,

515 3444 568 3506 vel
591 3442 701 3527 aliquo
723 3442 819 3505 modo
841 3442 961 3505 habere
984 3456 1109 3525 potero,
1125 3444 1165 3507 ad
1184 3458 1301 3509 terram
1324 3466 1422 3527 quam
1444 3442 1535 3505 tenui
1557 3444 1598 3505 de
1621 3442 1719 3507 fratre

516 3528 691 3605 Nicholao,
711 3527 777 3592 Dei
803 3528 907 3613 gratia
938 3526 1043 3592 Clone
1068 3529 1245 3612 Episcopo,
1268 3543 1300 3593 ot
1324 3529 1393 3613 ejus
1416 3528 1668 3608 successoribus,
1688 3530 1723 3593 in

514 3628 697 3681 tenemento
721 3614 762 3679 de
785 3612 1039 3699 Kylmaclenyn,
1057 3626 1090 3678 et
1112 3616 1154 3678 ad
1176 3627 1293 3678 terram
1312 3636 1410 3698 quam
1429 3612 1493 3675 emi
1516 3612 1556 3675 de
1580 3612 1722 3678 Ricardo

513 3704 580 3769 filio
610 3704 691 3768 Adae
714 3701 851 3766 Jordani
876 3699 910 3764 iu
938 3701 1051 3764 eodem
1075 3713 1270 3777 tenemento,
1292 3723 1351 3785 per
1378 3712 1543 3783 presentes
1572 3700 1721 3783 quietum

514 3791 625 3856 clamo.
672 3790 722 3855 Ita
738 3789 829 3874 quod
844 3810 904 3852 neo
919 3809 993 3872 ego,
1008 3809 1068 3850 nee
1083 3787 1218 3851 heredes
1238 3787 1312 3864 mei,
1327 3807 1388 3850 nec
1407 3784 1569 3869 assignati,
1585 3788 1619 3847 in
1636 3786 1723 3849 dieta

504 3889 600 3941 ¹terra
617 3877 833 3959 inposterum
851 3874 1010 3938 clameum
1031 3896 1201 3957 ponemus,
1217 3896 1277 3937 nec
1295 3874 1379 3957 ipsas
1398 3872 1507 3955 aliquo
1527 3872 1622 3934 modo
1642 3894 1721 3934 ven·

514 3962 703 4026 dicabimus.
749 3960 791 4025 In
816 3960 908 4046 cnjus
931 3959 1304 4039 1·eitestimonium,has
1327 3960 1436 4023 literas
1456 3980 1543 4021 meas
1566 3956 1638 4020 fieri
1659 3957 1722 4021 feei

514 4060 672 4135 patentes,
694 4070 777 4110 anno
803 4044 938 4110 Domini
962 4046 1132 4111 millesimo
1157 4070 1202 4111 ce.
1227 4046 1435 4132 nonagesimo
1460 4065 1558 4120 nono,
1580 4055 1614 4107 et
1637 4066 1721 4107 anno

514 4135 599 4223 regis
616 4132 771 4197 Edwardi
786 4132 880 4195 xxiii.

300 4288 503 4339 attentandam
559 4263 623 4329 Ira
644 4257 796 4327 convenit
817 4258 902 4323 inter
921 4256 1038 4344 Elyam
1057 4259 1079 4323 J
1081 4282 1218 4325 uvenem
1240 4260 1399 4324 seniorem
1418 4282 1461 4322 ex
1479 4278 1545 4321 una
1564 4267 1667 4341 parte,
1689 4267 1722 4320 et

517 4352 537 4415 J
540 4352 696 4415 ordonum
712 4344 844 4411 Porcell
860 4368 902 4409 ex
918 4344 1018 4409 altera
1035 4359 1139 4429 parte,
1156 4346 1245 4430 quod
1260 4346 1426 4429 predictus
1440 4344 1551 4428 Elyas,
1565 4346 1600 4406 in
1618 4341 1722 4406 forma
