3825 5059
806 464 853 537 29

215 675 273 740 Jus
288 663 477 737 patronatus
492 650 712 737 predictarum
727 649 936 718 ecclesiarum
954 652 996 717 de
1012 651 1239 737 Clondroyhd,
1254 652 1296 718 ds
1312 651 1432 738 Magh-

220 738 420 816 mactechad,
445 740 540 804 etde
564 737 794 825 Kylsannych,
817 738 1027 805 warantizare
1050 739 1261 824 nequiverint
1285 739 1374 804 licite
1398 751 1432 803 et

221 828 291 891 sine
308 826 493 890 conditione
509 825 619 911 aliqua
634 826 713 890 dicti
734 825 891 911 Episcopi
908 826 963 889 vel
976 847 1197 891 successorum
1217 849 1363 902 suorum,
1373 824 1431 911 jus

221 924 411 997 patronatus
432 912 653 996 predictorum
674 910 856 988 feodorum,
877 912 972 992 sciit„
988 913 1085 979 unius
1108 912 1219 976 militis
1239 913 1274 976 in
1291 912 1431 991 Kartha,

224 1000 375 1063 etunius
398 998 508 1063 militis
531 998 567 1063 iu
595 998 859 1083 Kilmumgarog,
882 1011 915 1064 ct
938 999 980 1064 de
1002 998 1272 1084 Maghnulredha‚
1295 999 1337 1062 ad
1364 998 1432 1062 dic-

222 1099 292 1150 tum
314 1084 335 1148 J
338 1085 510 1163 ohannem,
525 1084 661 1149 heredes
684 1108 770 1161 suos,
792 1085 936 1170 plenarie
958 1095 1188 1150 reverteretur.
1234 1084 1388 1149 Similiter
1404 1084 1432 1149 si

223 1171 328 1234 dictus
353 1170 519 1235 Johannes
543 1170 668 1257 Cogan,
692 1183 726 1234 et
749 1169 885 1236 heredes
910 1171 973 1247 sui,
993 1172 1048 1258 jus
1074 1182 1264 1255 patronatus
1290 1171 1432 1234 duorum

138 1268 142 1271 ’
221 1257 391 1321 feodorum
413 1257 536 1335 militis,
557 1257 653 1335 scilt,
669 1257 710 1319 de
726 1254 867 1336 Kartha,
882 1256 1136 1343 Kylungaragh,
1151 1269 1184 1321 et
1200 1257 1241 1320 de
1258 1255 1430 1319 Machum·

221 1342 342 1423 kedha,
357 1343 504 1427 predicto
521 1344 683 1427 Episcopo
700 1342 815 1419 Clone,
830 1357 863 1409 et
883 1344 1121 1409 successoribus
1140 1342 1206 1405 suis
1222 1342 1431 1406 warantizare

221 1452 288 1493 non
304 1430 439 1514 possint,
450 1430 506 1515 jus
522 1441 710 1513 patronatus
727 1429 886 1494 dicturum
905 1430 1115 1495 ecclesiarum
1131 1430 1171 1493 de
1190 1425 1431 1504 Clondrochad,

222 1516 263 1579 de
281 1515 643 1601 Maghmumactechad,
662 1526 695 1579 et
719 1515 760 1578 de
778 1516 1007 1602 Kylsannych,
1023 1516 1065 1581 ad
1085 1515 1270 1599 predictum
1286 1513 1431 1578 Alauum

221 1602 435 1686 Episcopum,
461 1614 494 1667 et
521 1624 719 1666 successores
747 1624 823 1669 suos
849 1602 977 1687 integre
1003 1602 1073 1666 sine
1100 1601 1285 1665 conditione
1310 1599 1432 1686 aliqua,

221 1688 487 1765 conclamatione,
503 1688 578 1753 dolo
594 1688 647 1751 vel
663 1686 758 1765 malo,
773 1701 1017 1753 reverterentur
1026 1712 1035 1765 3
1057 1700 1090 1753 et
1105 1689 1147 1751 ad
1161 1687 1315 1772 majorem
1331 1686 1430 1772 hujus

221 1774 269 1838 rei
285 1774 502 1852 securitatem,
516 1775 602 1860 parti
616 1774 714 1859 hujus
730 1774 842 1859 scripti
857 1776 1039 1839 remanenti
1053 1796 1152 1858 penes
1168 1774 1292 1838 dictum
1308 1771 1329 1836 J
1331 1772 1430 1836 ohan·

223 1884 310 1940 nem,
331 1859 513 1945 Episcopus
537 1873 570 1925 et
592 1860 782 1944 Capitulum
807 1861 951 1947 ejusdem
976 1861 1055 1941 rein
1078 1860 1184 1946 sigilla
1202 1884 1261 1924 sua
1281 1858 1432 1924 fecerunt

222 1948 363 2031 apponi3
385 1950 471 2031 parti
495 1947 593 2034 hujus
618 1947 730 2031 scripti
754 1947 934 2012 remanenti
957 1970 1058 2032 penes
1076 1948 1199 2011 dictum
1217 1945 1430 2031 Episcopum,

222 2034 328 2098 dictus
357 2032 523 2098 Johannes
553 2033 700 2098 similiter
731 2032 874 2119 sigillum
903 2056 999 2099 suum
1028 2057 1089 2117 pro
1119 2056 1165 2111 se,
1193 2047 1226 2096 et
1252 2031 1430 2095 heredibus

221 2120 287 2183 suis
303 2120 380 2184 fecit
395 2120 526 2205 apponi.
573 2120 636 2185 His
654 2120 800 2196 testibus,
817 2120 947 2185 domino
966 2120 1111 2185 Roberto
1127 2120 1168 2183 dc
1187 2118 1305 2202 Barry.
1321 2116 1431 2181 David

223 2206 265 2269 de
290 2204 406 2292 ery,
432 2207 572 2271 Ricardo
598 2207 722 2288 Cogan,
742 2206 891 2271 Waltero
914 2207 955 2271 de
981 2204 1193 2291 Rydclssord,
1212 2204 1261 2269 M.
1283 2203 1430 2282 Decauo,

222 2291 264 2355 G.
290 2292 531 2357 Archidiacono
559 2293 599 2356 de
632 2292 778 2369 Balahat,
803 2292 964 2378 magistris
995 2292 1203 2371 Precentore,
1227 2302 1261 2357 ct
1286 2290 1430 2355 ecclesia

221 2377 447 2455 Thesaurario‚
470 2379 648 2444 Willielmo
672 2379 777 2444 Itthes
800 2380 967 2459 canonico,
990 2392 1050 2445 etc.

263 2550 435 2635 Inquisitio
453 2551 494 2616 de
516 2551 601 2619 Ooul
618 2563 711 2637 capta
732 2552 785 2618 die
802 2552 904 2617 Lunae
923 2551 1072 2637 proximo
1088 2563 1164 2617 ante
1183 2550 1304 2615 festum
1319 2546 1430 2614 Sancti
1444 2554 1520 2607 cont

221 2634 320 2701 Lucae
346 2638 567 2724 Evangeliste,
591 2662 675 2703 anno
703 2640 789 2723 regis
817 2638 973 2703 Edwardi
999 2639 1089 2703 tertii
1114 2647 1189 2722 post
1216 2647 1429 2720 conquestum

219 2724 336 2787 xxxix.
363 2746 460 2811 super
491 2724 634 2789 dominio
662 2725 703 2789 de
733 2723 818 2789 Coul
845 2724 1030 2809 pertinente
1057 2725 1100 2789 ad
1126 2721 1295 2787 ecclesiam
1320 2719 1431 2784 Sancti

222 2808 372 2873 Colmani
394 2810 435 2874 de
458 2810 573 2875 Clonc.

264 2977 439 3043 Hubertus
454 2978 619 3055 Caunton,
642 2978 783 3043 Thomas
798 2968 944 3055 Pollard,
1046 2976 1215 3042 Walterus
1231 2976 1375 3061 Messag,

265 3065 406 3129 Thomas
422 3064 518 3148 Veel,
641 3064 816 3149 Philippus
832 3064 978 3149 Tayllor‚
1047 3062 1247 3128 Willielmus
1266 3062 1417 3141 Ohonan,

264 3150 439 3235 Philippus
455 3150 617 3230 Malcron,
641 3150 819 3216 Mauritius
839 3150 1017 3236 Osoylvan,
1048 3147 1248 3215 Willielmus
1266 3150 1414 3217 Castran.

266 3323 336 3394 Qui
353 3324 457 3410 jurati
481 3323 595 3389 dicunt
619 3346 719 3409 supra
743 3336 977 3389 sacramentum
1001 3347 1109 3403 suum,
1125 3323 1215 3410 quod
1237 3323 1273 3388 in
1288 3324 1367 3389 villa
1387 3324 1429 3389 de

223 3408 307 3474 Coul
322 3422 399 3475 sunt
418 3410 464 3475 iii.
481 3423 638 3476 carucatas
654 3424 747 3477 terrae
764 3422 797 3475 et
809 3411 955 3488 dimidia,
970 3412 1058 3477 unde
1078 3411 1227 3476 dominus
1244 3410 1429 3495 Episcopus

222 3496 390 3562 Clonensis
415 3509 463 3562 est
487 3497 637 3563 dominus
655 3497 754 3576 villae,
769 3510 803 3562 ct
823 3497 922 3563 habet
939 3498 974 3563 in
989 3498 1085 3563 terris
1101 3496 1270 3562 dominicis
1286 3497 1320 3563 ii.
1336 3519 1429 3562 caru-

223 3592 307 3645 catas
331 3596 437 3660 terra,
460 3584 549 3648 etin
574 3584 720 3669 qualibet
740 3596 889 3649 carucata
912 3596 989 3649 sunt
1011 3586 1056 3650 vi.
1075 3585 1154 3665 (xx)
1173 3605 1267 3660 acroe,
1288 3593 1321 3645 et
1342 3580 1430 3645 ultra

222 3666 320 3731 habet
333 3670 380 3733 iii.
396 3691 484 3733 acras
505 3672 601 3753 prati,
615 3693 674 3734 rur.
691 3693 779 3735 acras
795 3684 948 3755 pasturae,
964 3681 997 3733 et
1012 3670 1053 3733 de
1067 3668 1214 3753 qualibet
1232 3688 1429 3749 perannum

222 3752 319 3833 iiiia,
334 3767 367 3818 ct
382 3756 471 3839 quod
486 3755 665 3842 burgenses
681 3756 803 3821 domini
819 3754 976 3841 Episcopi
989 3754 1112 3817 habent
1126 3754 1211 3816 inter
1227 3773 1280 3816 eos
1295 3750 1317 3814 i.
1335 3773 1428 3814 caru-

222 3851 325 3904 catam
341 3852 374 3905 et
395 3841 560 3905 dimidiam
582 3855 615 3908 et
635 3854 879 3928 quarentenam,
894 3852 927 3906 et
949 3840 1040 3925 quod
1055 3838 1210 3923 quaelibet
1226 3858 1301 3901 acra
1320 3836 1429 3902 saisita

221 3926 308 3991 valet
329 3927 458 3991 domino
479 3950 538 4011 per
555 3950 689 4006 anuum,
708 3930 805 3994 viiid.
820 3938 940 4012 praeter
956 3947 1099 4010 operam,
1114 3922 1302 4009 cariagium,
1317 3935 1350 3988 et
1365 3923 1428 3988 alia

221 4012 362 4077 servitia.
398 4014 443 4078 Et
458 4014 623 4098 quondam
639 4014 814 4080 Mauritius
830 4014 970 4079 Ohonan
985 4010 1092 4077 tenuit
1106 4011 1147 4075 de
1163 4010 1319 4094 predictis
1335 4032 1430 4075 caru-

222 4098 298 4162 catis
324 4110 418 4163 terrae
439 4099 461 4163 i.
486 4113 680 4177 carucatam,
704 4122 763 4185 per
787 4099 969 4176 servitium,
989 4110 1050 4162 etc.
1095 4098 1141 4162 Et
1164 4097 1254 4182 quod
1277 4096 1428 4161 dominus

221 4184 320 4249 habet
330 4185 353 4250 i.
366 4184 601 4260 molendinum,
613 4186 726 4251 valens
739 4184 964 4249 communibus
975 4182 1066 4249 annis
1078 4207 1171 4260 rma,
1179 4183 1266 4248 ultra
1276 4180 1428 4265 reprisas,

221 4282 254 4336 et
269 4272 360 4357 quod
375 4271 555 4337 dominium
570 4271 682 4337 David
697 4272 738 4337 de
755 4271 860 4356 Barry
870 4271 960 4357 jacet
974 4270 1060 4336 circa
1072 4271 1191 4337 dictam
1205 4267 1340 4364 villam..

265 4358 350 4423 ltem
362 4358 481 4425 'dicunt
495 4358 586 4444 quod
600 4358 774 4444 Philippus
799 4356 951 4424 Caunton
975 4369 1065 4424 tenet
1088 4358 1130 4422 dc
1154 4354 1284 4420 domino
1308 4353 1429 4417 dictam

222 4457 403 4511 carucatam
430 4456 537 4524 terra,
565 4467 663 4532 quam
690 4443 854 4531 quondam
881 4442 1059 4511 Mauritius
1087 4443 1226 4508 Ohonan
1253 4438 1360 4505 tenuit
1386 4438 1427 4503 ad
