3825 5059
286 573 426 643 Bri-gova·

288 825 443 879 ermanus.

1088 374 1134 448 12

516 585 520 593 ·
549 558 726 629 Mauritius
745 556 831 627 filius
852 558 986 627 Thomas
1001 571 1091 628 tenet
1113 560 1155 627 de
1170 559 1301 628 domino
1322 571 1423 627 totam
1438 560 1550 629 sillam
1571 562 1627 629 de
1650 561 1759 649 Bry·

504 670 609 735 gowe,
628 669 701 735 quae
724 648 869 713 continet
883 649 905 715 i.
921 648 1055 714 feodum
1073 647 1196 726 militis,
1213 671 1273 733 per
1290 649 1422 713 servitia
1437 649 1591 737 homagii,
1616 649 1761 715 fideli·

504 734 578 801 tatis
593 746 627 800 et
642 747 736 800 secte
752 736 863 815 curiae,
878 746 911 801 et
926 758 986 820 per
1000 734 1169 800 servitium
1184 734 1252 801 xla.
1268 757 1328 819 per
1343 758 1473 802 annum.
1737 764 1742 768 ’

548 820 742 887 Remundus
763 820 851 887 filius
868 822 957 886 Petri
980 821 1131 887 Caunton
1147 833 1236 887 tenet
1258 821 1299 886 de
1321 822 1451 888 domino
1466 823 1690 899 Orostrowe‚
1709 822 1756 887 in

503 907 659 994 parochia
673 908 714 973 de
728 907 903 994 Brygowe,
915 921 947 973 et
963 907 1106 973 continet
1118 907 1202 973 bene
1217 908 1263 973 iii.
1276 921 1439 975 carucatas
1454 921 1547 974 terre
1561 909 1597 973 in
1613 909 1754 985 silvis,

504 1008 538 1061 et
567 994 739 1073 montanis,
768 1016 827 1081 per
857 994 989 1060 servitia
1017 993 1173 1080 homagii,
1202 993 1379 1073 fidelitatis,
1408 994 1588 1060 communis
1618 1008 1752 1061 sectae

505 1080 615 1159 curiae,
631 1092 664 1147 et
677 1081 699 1147 i.
716 1103 830 1147 marcae
847 1104 1054 1165 perannum.

286 1167 480 1237 Brlygybetyn.
547 1167 633 1233 Item
647 1166 762 1234 dicunt
776 1166 865 1254 quod
881 1166 1109 1254 Balygybelyn
1125 1178 1174 1233 eat
1196 1168 1238 1231 de
1260 1178 1347 1233 terra
1368 1165 1503 1246 domini,
1519 1178 1552 1232 et
1566 1166 1747 1233 continet

286 1510 405 1579 Rathyn.

503 1253 670 1319 dimidiam
682 1268 864 1319 carucatam
874 1264 982 1330 terrae,
994 1276 1067 1338 quae
1082 1251 1205 1318 solebat
1217 1254 1354 1319 reddere
1370 1253 1500 1318 domino
1516 1276 1575 1338 per
1591 1277 1743 1318 annum

503 1363 596 1420 xxa,
611 1353 644 1406 et
653 1340 741 1427 jacet
756 1340 792 1405 in
807 1339 961 1425 parochia
975 1339 1016 1404 de
1033 1340 1206 1425 Brygowe,
1221 1352 1255 1405 et
1269 1340 1419 1404 dominus
1435 1339 1545 1404 David
1560 1340 1601 1404 de
1615 1341 1742 1425 Rupe

503 1438 594 1494 tenet
609 1450 680 1492 eam
694 1449 753 1510 per
769 1425 937 1491 servitium
951 1426 1153 1490 mareschalli
1168 1427 1283 1491 domus
1301 1425 1455 1511 Episcopi
1469 1426 1582 1492 Clonc.

549 1512 632 1577 Item
649 1512 811 1577 Dominus
827 1512 937 1578 David
953 1512 995 1577 de
1011 1512 1109 1596 Rupe
1123 1522 1213 1577 tenet
1228 1513 1269 1577 de
1284 1512 1414 1576 domino
1435 1536 1494 1597 per
1514 1512 1736 1597 homagium,

504 1596 705 1677 fidelitatem,
729 1610 762 1663 et
785 1610 904 1663 sectam
928 1598 1039 1678 curiae,
1054 1610 1154 1663 totam
1175 1597 1285 1663 villam
1307 1598 1348 1664 de
1374 1598 1518 1685 Rathyn,
1538 1598 1733 1663 habitatam

505 1707 604 1769 super
620 1684 800 1764 Avenmor,
818 1707 876 1769 per
901 1684 1069 1750 servitium
1092 1684 1147 1750 iit.
1169 1684 1210 1749 ad
1228 1684 1347 1749 festum
1371 1684 1555 1762 Michaelis,
1569 1695 1603 1749 et
1623 1684 1731 1770 quod

506 1770 612 1922 dicltlus
631 1770 742 1836 David
764 1770 863 1838 debet
881 1794 948 1837 esse
968 1769 1202 1837 Mareschallus
1220 1770 1354 1847 domini,
1372 1784 1405 1836 et
1419 1771 1565 1837 continet
1581 1771 1729 1835 feodum

506 1857 550 1923 mi
567 1857 629 1925 ‘tia

550 1944 726 2031 Philippus
740 1944 909 2011 Cauneton
925 1955 1015 2010 tenet
1030 1945 1072 2008 de
1087 1942 1218 2008 domino
1234 1942 1350 2020 Aeros,
1362 1941 1383 2009 i.
1396 1956 1629 2027 quarentenam
1644 1953 1677 2009 et
1693 1943 1722 2007 i.

506 2032 754 2107 canicularium,
769 2053 829 2116 per
844 2030 977 2097 servitia
990 2030 1145 2116 homagii,
1156 2028 1333 2107 fidelitatis,
1347 2043 1441 2095 sectae
1456 2030 1568 2110 curiae,
1583 2042 1617 2095 et
1631 2029 1720 2094 iilia.

497 2139 588 2189 ¹cere
607 2140 812 2201 perannum.

550 2202 718 2268 Mattheus
738 2203 825 2268 filius
842 2202 1015 2268 Willielmi
1036 2201 1200 2282 Gaunton,
1217 2212 1306 2268 tenet
1328 2202 1369 2267 de
1389 2201 1519 2267 domino
1541 2202 1576 2267 in
1597 2201 1719 2281 Acras,

507 2300 609 2353 certas
631 2301 744 2368 terras,
760 2290 848 2373 apud
865 2290 897 2354 le
921 2288 1168 2365 Sakkersforde,
1184 2302 1218 2354 et
1234 2289 1257 2354 i.
1273 2287 1521 2368 cunicularium,
1535 2310 1595 2373 per
1616 2288 1718 2353 servi·

506 2372 552 2440 tia
566 2374 720 2461 homagii,
735 2388 841 2453 sectae,
856 2388 890 2440 et
903 2374 1079 2449 fidelitatis,
1095 2386 1129 2440 et
1142 2375 1212 2441 ilio.
1228 2398 1310 2439 cerae
1326 2397 1385 2459 per
1400 2397 1531 2441 annum.

550 2461 663 2528 Abbas
682 2461 723 2527 de
746 2461 885 2547 Fermoy
901 2472 992 2525 tenet
1013 2462 1054 2526 de
1076 2461 1207 2527 domino
1230 2461 1417 2563 Kplconan,
1435 2483 1508 2546 quae
1521 2461 1610 2547 jacet
1618 2460 1716 2546 juxta

507 2548 643 2637 Karryg
664 2548 786 2634 Tyme,
806 2548 840 2613 in
856 2546 1010 2633 parochia
1031 2548 1072 2613 de
1096 2547 1308 2625 Monasteno,
1328 2569 1388 2632 per
1410 2547 1542 2612 servitia
1562 2546 1715 2633 homagii,

506 2636 683 2716 fidelitatis,
699 2635 877 2701 communis
891 2647 997 2710 sectae,
1013 2645 1047 2699 et
1060 2633 1132 2700 izit.
1145 2656 1226 2698 cerae
1242 2656 1302 2718 per
1317 2656 1448 2699 annum.

551 2724 634 2789 Item
658 2723 773 2789 dicunt
795 2722 885 2808 quod
906 2720 1057 2786 dominus
1079 2720 1178 2786 habet
1198 2720 1233 2785 in
1255 2719 1387 2804 campis,
1403 2730 1436 2785 et
1452 2719 1487 2784 in
1505 2719 1612 2784 medio
1627 2730 1716 2783 tene·

508 2811 610 2877 menti
639 2811 681 2876 de
712 2810 942 2888 Gortonocros,
971 2808 1016 2875 ii'a
1047 2830 1136 2873 acras
1166 2820 1260 2872 terrra
1287 2828 1359 2891 quae
1389 2805 1554 2891 quondam
1582 2804 1718 2870 fuerunt

511 2897 734 2964 cemiterium.

554 2982 734 3048 Nicholaus
748 2982 856 3049 Goule
871 2993 961 3048 tenet
972 2982 1006 3047 in
1019 2981 1156 3068 pignore
1169 2980 1210 3046 de
1225 2977 1382 3045 Matthaeo
1396 2978 1579 3055 Cauneton,
1591 2976 1626 3041 in
1640 2976 1717 3042 villa

510 3067 552 3132 sle
571 3066 704 3145 Clenor,
719 3092 761 3132 ex
779 3079 918 3154 utraque
936 3082 1041 3151 parte,
1058 3068 1148 3153 quod
1161 3067 1250 3153 jacet
1262 3088 1305 3130 ex
1318 3078 1410 3149 parte
1427 3064 1557 3129 australi
1575 3062 1717 3129 ecclesiae

510 3152 551 3217 de
565 3152 698 3231 Clenor,
710 3166 743 3218 et
757 3165 892 3217 vocatur
909 3153 1143 3229 Peraonstrete,
1155 3164 1189 3217 et
1203 3151 1350 3217 similiter
1365 3151 1645 3230 Caunetoustrete,
1658 3170 1716 3234 per

510 3237 678 3304 servitium
693 3238 773 3303 xiia.

293 3319 486 3388 xunaelenyn.
554 3322 716 3389 Redditus
739 3321 863 3388 domini
886 3321 1043 3408 Episcopi
1067 3322 1171 3388 Olone
1193 3324 1235 3389 ad
1255 3322 1436 3389 manerium
1458 3334 1490 3388 et
1512 3334 1652 3387 castrum
1675 3321 1717 3385 de

510 3409 753 3497 Kylmaclenyn
769 3408 970 3495 pertinentes
985 3408 1180 3493 inpartibus
1196 3410 1237 3475 de
1250 3410 1551 3561 Muscrpdonygan,
1566 3408 1644 3473 facti
1659 3430 1718 3493 per

510 3522 621 3565 omues
647 3509 795 3564 tenentes
821 3496 1054 3581 infrascriptos,
1077 3509 1222 3581 tempore
1250 3520 1370 3562 venera
1391 3496 1443 3560 ilis
1469 3494 1569 3579 patris
1595 3492 1717 3559 domini

510 3585 669 3652 iohannis
686 3584 728 3651 de
750 3583 927 3663 Swafham,
943 3597 1022 3650 tunc
1045 3583 1201 3670 Episcopi
1219 3584 1335 3662 Clone,
1352 3605 1437 3648 anno
1455 3579 1579 3647 domini
1597 3579 1717 3645 milles·

510 3672 590 3737 simo
606 3695 671 3738 ccc.
687 3672 885 3759 sexagesimo
900 3684 1027 3757 quarto.

555 3758 666 3823 David
679 3756 784 3845 Barry
799 3759 951 3845 cognovit
964 3780 998 3823 sc
1012 3768 1122 3822 tenere
1134 3756 1176 3821 de
1192 3756 1322 3821 domino
1335 3753 1499 3840 Episcopo
1513 3765 1546 3819 et
1561 3764 1664 3818 castro
1677 3751 1719 3817 de

511 3842 765 3931 Kylmaclenyn,
791 3844 957 3913 castellum
986 3866 1081 3908 suum
1102 3842 1143 3906 dc
1173 3843 1314 3919 Bothon,
1336 3864 1411 3906 cum
1437 3840 1581 3926 pomario
1605 3862 1664 3904 suo
1686 3850 1721 3903 et

397 3930 400 3938 ’
511 3931 599 4008 dola,
620 3940 653 3995 et
675 3929 782 3997 omnia
808 3940 991 3995 tenementa
1009 3952 1082 4078 <puae
1101 3928 1213 4015 jacent
1230 3928 1314 3993 inter
1332 3929 1475 3992 medium
1495 3926 1720 3991 molendinum

511 4018 553 4085 de
575 4015 717 4092 Bothum,
735 4025 769 4080 et
789 4014 908 4081 dictam
925 4014 1020 4080 venel
1034 4038 1085 4080 am
1101 4036 1174 4115 quae
1191 4028 1327 4080 vocatur
1343 4013 1552 4099 Mylnstrete,
1567 4034 1611 4077 ex
1627 4023 1719 4096 parte

511 4101 671 4191 aquilonis
687 4099 765 4166 dicti
779 4100 926 4186 pomarii,
939 4112 973 4166 et
987 4101 1136 4166 extendrt
1149 4123 1184 4166 se
1199 4101 1240 4166 ad
1254 4101 1340 4167 viam
1358 4121 1561 4166 communem
1576 4120 1594 4163 r
1635 4096 1721 4162 alem

511 4190 552 4256 de
568 4189 698 4256 Bothon
713 4198 861 4273 exparte
879 4186 1082 4289 occidentali,
1097 4209 1202 4289 usqne
1214 4187 1261 4287 'ad
1275 4188 1362 4253 viam
1385 4198 1419 4253 et
1436 4184 1603 4287 ecclesiam
1642 4278 1659 4285 ..
1679 4194 1720 4249 ta

511 4276 665 4363 Brygidae
696 4296 739 4344 ax
769 4284 860 4360 parte
890 4271 1034 4351 australr,
1060 4285 1094 4339 at
1122 4294 1287 4357 rrparnam,
1317 4294 1377 4357 par
1406 4283 1540 4336 servitus
1565 4270 1720 4354 homagii,
