3825 5059
1088 430 1136 503 58

508 611 548 675 de
565 611 677 676 eodem
693 622 831 677 castrum
846 623 879 677 et
891 613 1089 680 dominicum
1101 615 1142 679 de
1156 612 1315 699 Kylblan,
1328 637 1402 680 cum
1414 617 1481 681 suis
1494 617 1718 702 pertinentiis,

506 718 567 781 per
591 698 723 762 servitia
746 698 858 763 xxvia.
883 721 942 783 per
967 723 1087 764 annum
1111 702 1153 765 ad
1176 702 1330 766 terminos
1347 701 1487 780 usuales,
1505 715 1539 768 et
1557 703 1714 790 homagii,

506 782 682 864 fidelitatis,
697 784 826 861 warda,
847 796 880 849 et
901 797 994 850 sectae
1018 787 1115 850 ouria
1136 788 1177 851 de
1199 786 1451 873 Kylmaclenyn,
1466 801 1499 854 et
1513 790 1549 853 in
1561 790 1713 856 omnibus

507 867 603 934 faciet
626 869 710 935 sicut
731 869 906 935 Mauritius
931 870 1070 956 Chapel,
1085 884 1118 937 et
1139 884 1286 938 tenentes
1310 874 1361 937 sui
1385 874 1420 938 in
1438 875 1588 939 omnibus
1602 887 1637 940 et
1650 898 1713 960 per

506 954 614 1019 omnia
640 957 681 1019 ad
709 955 831 1021 curiam
855 968 888 1021 et
914 969 1054 1022 castrum
1080 958 1121 1022 de
1146 957 1399 1043 Kylmaclenyn,
1423 971 1457 1024 et
1474 960 1600 1046 jurarit
1623 962 1711 1026 dicto

506 1039 637 1105 domino
651 1042 814 1127 Episcopo
828 1042 869 1107 de
883 1042 1038 1109 fidelitate
1053 1042 1126 1120 sibi,
1139 1044 1293 1124 ecclesiae,
1304 1044 1403 1124 clero,
1416 1057 1450 1110 et
1462 1045 1541 1125 suis,
1553 1067 1613 1130 per
1625 1068 1660 1111 se
1676 1060 1711 1113 et

506 1148 592 1204 suos,
606 1125 837 1194 inviolabiliter
852 1128 892 1194 de
909 1140 1016 1194 cetero
1031 1129 1244 1209 observanda,
1259 1142 1353 1196 etcet.

290 1312 452 1381 Inohyooyn.
548 1299 570 1364 J
573 1319 698 1365 neonus
725 1299 756 1365 le
783 1298 920 1365 Botiller
944 1299 1061 1366 Comes
1085 1301 1233 1366 Ormond
1256 1324 1293 1366 ac
1315 1300 1476 1367 Dominus
1499 1300 1710 1368 dimidietatis

503 1384 644 1451 baroniae
668 1386 708 1451 de
732 1385 930 1472 Inchecoyn,
953 1398 1051 1472 atque
1073 1386 1232 1451 firmarius
1255 1386 1388 1452 alterius
1409 1386 1590 1454 medietatis
1611 1388 1709 1454 dictoe

289 1476 489 1565 Npmimmupi-
502 1471 655 1552 baroniae,
679 1470 867 1549 senescallo,
888 1472 1027 1552 ballivis,
1051 1472 1287 1558 turbarumque
1311 1473 1497 1557 capitaneis,
1519 1474 1708 1557 prepositis,

288 1543 489 1655 carsmpeelesrae
501 1557 668 1635 ministris,
687 1570 720 1623 et
736 1557 888 1622 fidelibus
908 1558 974 1623 suis
992 1559 1152 1623 universis
1168 1558 1326 1623 cantedrae
1343 1560 1383 1623 de
1402 1558 1533 1623 Imchill
1551 1560 1704 1625 comitatu

502 1642 604 1724 Oork,
628 1644 773 1709 salutem.
819 1644 933 1709 Sciatis
957 1645 1046 1730 quod
1065 1644 1263 1728 suscepimus
1281 1644 1501 1709 venerabilem
1517 1644 1553 1708 in
1571 1644 1704 1711 Christo

499 1741 625 1813 patrem
640 1729 806 1795 dominum
823 1730 1004 1796 Geraldum
1018 1730 1085 1796 Dei
1099 1743 1132 1796 et
1150 1729 1330 1813 apostolica
1348 1729 1434 1795 sedis
1449 1730 1554 1816 gratia
1568 1730 1703 1815 Episco-

500 1838 580 1915 pum
608 1814 723 1895 Clone,
751 1815 929 1897 ecclesiam,
956 1828 990 1881 et
1016 1816 1179 1881 civitatem
1203 1815 1318 1893 Clone,
1343 1816 1478 1896 clerum,
1501 1827 1534 1879 et
1557 1814 1703 1902 betsgios

498 1902 600 1985 rpsius
623 1901 792 1986 Episcopi,
813 1924 940 1967 necnon
959 1902 1067 1966 omnia
1087 1902 1184 1980 bona,
1202 1913 1236 1965 et
1257 1900 1384 1977 catalla,
1405 1924 1468 1981 res,
1486 1900 1645 1981 redditus,
1667 1915 1702 1968 et

497 1989 711 2072 possessiones
738 2010 851 2053 eorum
879 1988 914 2053 in
942 1989 1029 2054 dicta
1055 1988 1210 2053 cantreds
1236 1987 1277 2050 de
1303 1986 1433 2051 Imchill
1459 1986 1642 2066 existentia,
1665 1987 1701 2053 in

497 2074 742 2158 protectionem,
763 2085 796 2139 et
817 2073 1036 2139 defensionem
1054 2085 1196 2138 nostram
1215 2072 1397 2156 specialem.
1442 2072 1523 2137 Ideo
1544 2072 1649 2153 vobis,
1666 2086 1701 2139 et

497 2159 632 2225 cuilibet
653 2172 797 2224 vestrum
819 2160 1019 2234 mandamus,
1042 2170 1203 2243 quatenus
1225 2158 1348 2224 dictum
1374 2158 1541 2223 dominum
1564 2157 1700 2242 Episco-

495 2268 587 2329 pum,
606 2245 786 2322 ecclcsiam,
806 2245 980 2320 civitatem,
1007 2244 1164 2330 betagios,
1184 2244 1281 2323 bona,
1306 2243 1432 2321 catalla,
1451 2266 1515 2321 res,
1539 2243 1699 2326 redditus,

496 2344 529 2395 et
554 2330 769 2415 possessiones
793 2331 953 2414 predictas
974 2329 1221 2410 manuteneatis,
1241 2330 1428 2416 protegatis,
1449 2341 1482 2393 et
1506 2328 1699 2408 defendatis,

494 2440 561 2482 non
576 2416 761 2496 inferentes,
776 2437 837 2480 nec
854 2414 969 2481 inferri
990 2427 1150 2501 quatenus
1164 2414 1200 2480 in
1215 2415 1306 2480 robis
1322 2428 1371 2481 est
1387 2415 1624 2499 permittentes,
1638 2417 1698 2496 eis,

494 2503 548 2568 vel
566 2525 679 2569 eorum
696 2501 805 2579 alicui,
820 2500 944 2587 aliquid
962 2501 1243 2585 impedimentum,
1261 2501 1449 2586 dampnum,
1467 2500 1697 2587 prejudicium,

494 2590 548 2655 vel
571 2611 745 2676 gravamen
769 2587 992 2674 quovismodo.
1039 2586 1132 2652 Etsi
1176 2587 1235 2651 uid
1255 2587 1301 2651 eis
1319 2586 1561 2651 forisfacturam
1585 2586 1696 2667 fuerit,

493 2676 578 2742 illud
593 2674 727 2741 indilate
745 2673 909 2739 emendari
926 2674 1059 2739 faciatis.
1105 2610 1263 2737 Volentes
1281 2683 1314 2737 et
1331 2673 1545 2738 concedentes
1563 2694 1695 2756 presen-

494 2764 575 2827 tium
593 2784 652 2847 pro
671 2772 794 2841 tenore,
810 2783 869 2844 pro
887 2760 981 2825 nobis
1001 2771 1035 2824 et
1055 2770 1213 2845 quantum
1234 2759 1269 2821 in
1288 2758 1383 2823 nobis
1403 2770 1463 2839 est,
1482 2758 1571 2842 quod
1588 2758 1695 2824 dictus

494 2848 656 2914 Geraldus
670 2847 863 2934 Episcopus,
875 2845 1019 2926 ecclesia,
1033 2845 1158 2922 civitas,
1169 2844 1288 2923 clerus,
1302 2843 1444 2929 begagii,
1459 2844 1555 2921 bona,
1570 2843 1695 2925 catalla,

492 2958 556 3013 res,
579 2935 738 3014 redditus,
762 2944 796 2998 et
817 2932 1032 3016 possessiones
1054 2930 1205 3016 predicti,
1230 2930 1270 2994 ab
1294 2929 1355 2993 hac
1383 2929 1463 2993 hora
1487 2929 1523 2993 in
1549 2940 1694 3009 antea,a

492 3020 739 3105 supportacione
755 3018 935 3097 turbarum,
951 3031 984 3083 ct
1001 3018 1187 3095 satellitum,
1202 3028 1236 3081 et
1252 3016 1395 3080 omnium
1412 3014 1549 3079 aliorum
1563 3015 1692 3079 illicito-

491 3130 565 3170 rum
589 3128 737 3182 onerum,
760 3105 890 3169 nomine
914 3117 1036 3182 nostro,
1060 3116 1173 3168 contra
1196 3124 1309 3166 eorum
1335 3100 1530 3176 voluntates,
1552 3100 1693 3165 assiden-

492 3192 620 3267 dorum,
649 3202 683 3255 et
710 3190 981 3273 imponendorum
1008 3190 1074 3253 sint
1102 3187 1198 3253 liberi
1225 3199 1258 3252 et
1288 3185 1401 3272 quieti.
1456 3186 1498 3249 In
1525 3186 1619 3271 cnjus
1645 3186 1693 3250 rei

491 3275 722 3354 testimonium,
738 3273 882 3359 sigillum
896 3286 1044 3338 nostrum
1057 3273 1263 3358 presentibus
1278 3284 1327 3337 est
1341 3294 1529 3355 appensum.
1570 3270 1691 3337 Datum

491 3363 579 3445 apud
605 3358 765 3427 Clonmell
790 3359 1030 3443 quintodecimo
1055 3360 1109 3423 die
1135 3358 1307 3423 Februarii
1333 3380 1416 3423 anno
1441 3358 1528 3442 regis
1553 3356 1692 3423 Henrici

491 3448 600 3535 quarti
614 3458 687 3532 post
702 3456 915 3530 conquestum
932 3444 1061 3530 Angliae
1077 3444 1187 3509 tercio.

533 3622 555 3687 J
557 3620 675 3687 acobus
683 3615 1156 3696 leBotillcr,OomesOrmond,
1166 3614 1326 3681 Dominus
1336 3614 1543 3680 dimidietatis
1551 3614 1692 3680 baronia

489 3710 530 3774 de
559 3708 781 3792 Inchecoygn,
810 3716 906 3790 atque
933 3702 1094 3768 firmarius
1124 3701 1256 3767 alterius
1285 3702 1387 3786 partis
1417 3701 1511 3766 dictae
1538 3700 1692 3779 baroniae,

488 3794 675 3872 senescallo,
696 3790 836 3871 ballivis,
858 3790 1027 3855 turbarum
1050 3786 1238 3873 capitaneis,
1259 3787 1444 3872 prepositis,
1470 3786 1635 3862 ministris,
1657 3800 1691 3852 et

488 3881 638 3946 fidelibus
653 3878 720 3943 suis
738 3876 911 3955 universis,
928 3887 962 3943 et
981 3874 1136 3959 precipue
1151 3874 1317 3940 kantredae
1336 3875 1377 3939 de
1393 3870 1524 3938 Imchill
1538 3872 1692 3937 comitatu

488 3968 590 4047 (lork,
612 3964 757 4029 salutem.
803 3962 918 4028 Sciatis
941 3961 1032 4047 quod
1055 3960 1279 4037 concessimus,
1301 3970 1335 4024 et
1356 3970 1468 4024 tenore
1490 3958 1692 4040 presentium

487 4052 704 4127 concedimus,
733 4048 772 4113 ab
801 4048 862 4113 hac
890 4047 972 4113 hora
998 4048 1033 4112 in
1062 4058 1168 4124 antea,
1195 4046 1285 4132 quod
1311 4044 1423 4110 civitas
1450 4041 1566 4121 Clone,
1592 4054 1690 4129 atque

485 4139 629 4207 maneria
656 4133 778 4199 domini
803 4133 937 4198 Geraldi
963 4133 1120 4220 Episcopi
1145 4131 1260 4208 Clone,
1285 4141 1318 4196 et
1344 4130 1385 4196 be
1489 4128 1647 4214 ejusdem,
1671 4151 1690 4192 a

485 4224 730 4313 supportatione
745 4219 927 4297 turbarum,
942 4232 975 4286 et
989 4220 1177 4298 satellitum,
1189 4240 1226 4282 ac
1241 4215 1385 4282 omnium
1435 4215 1539 4280 'orum
1554 4236 1689 4281 onerum

484 4313 684 4390 illicitorum,
705 4319 816 4373 contra
840 4328 951 4371 eorum
977 4306 1188 4384 voluntatem,
1209 4301 1339 4369 nomine
1362 4314 1484 4382 nostro,
1504 4300 1689 4366 assidendo
