3825 5059
1891 0 1893 140 l

1120 356 1165 426 10

321 550 432 605 flama.
580 539 665 607 Item
688 542 803 608 dicunt
828 542 919 628 quod
944 540 1112 608 Iohannes
1140 542 1227 611 filius
1252 526 1425 611 Willielmi
1450 542 1564 610 Roche
1588 556 1690 611 tenet
1716 548 1767 613 de

418 650 423 660 ·
535 628 666 693 domino
684 628 719 695 in
736 628 768 695 le
785 628 912 695 Garran
933 627 1020 694 infra
1041 630 1226 714 parochiam
1244 631 1286 696 de
1300 624 1437 710 Clenor,
1454 632 1501 697 iii.
1519 644 1630 718 partes
1648 634 1764 699 unius

535 729 692 782 carucatas
722 728 828 793 terrae,
857 738 918 801 per
946 715 1078 783 servitia
1105 716 1260 804 homagii,
1284 718 1461 797 fidelitatis,
1488 732 1596 799 sectae,
1623 732 1658 784 et
1691 742 1762 805 per

534 803 702 869 servitium
717 802 783 869 vis.
798 802 894 877 viiia.
909 824 1117 887 perannum,
1132 816 1165 869 et
1180 804 1258 870 fecit
1272 806 1437 892 Episcopo
1451 806 1639 893 homagium
1654 808 1758 893 apud

534 886 704 975 Brygeton
720 912 827 955 coram
844 889 970 955 Priore.

578 976 691 1042 David
712 975 828 1063 Walys
851 988 941 1042 tenet
964 975 1006 1042 de
1036 975 1166 1042 domino
1194 980 1283 1063 apud
1309 979 1437 1050 Garran
1463 980 1590 1045 tertiam
1615 990 1753 1064 partem

533 1064 632 1129 unius
650 1073 806 1129 carucatae
824 1074 932 1142 terroe,
952 1085 1012 1147 per
1029 1062 1162 1129 servitia
1176 1064 1330 1152 homagii,
1344 1065 1521 1144 fidelitatis,
1536 1078 1570 1133 et
1587 1078 1698 1144 seete,
1715 1080 1753 1132 et

532 1173 593 1237 per
608 1150 776 1217 servitium
790 1149 864 1214 xla.
879 1172 940 1234 per
954 1171 1085 1214 annum.

577 1320 752 1409 Inquisitio
773 1333 866 1406 cepta
886 1320 976 1406 apud
994 1320 1127 1400 Clenor,
1142 1321 1197 1386 die
1212 1322 1299 1387 lunae
1314 1322 1349 1387 in
1370 1320 1453 1387 festo
1471 1322 1581 1388 Sancti
1598 1320 1749 1388 Andreae

531 1408 562 1474 A
590 1407 695 1485 ostoli,
724 1430 809 1473 anno
838 1408 925 1493 regis
955 1407 1109 1473 Edwardi
1139 1408 1238 1485 tertii,
1267 1421 1341 1494 post
1370 1422 1584 1495 conquestum
1609 1408 1658 1486 xl,
1680 1432 1750 1494 per

580 1492 900 1560 .M.seneschal1um
914 1493 1069 1579 Episcopi
1079 1493 1194 1573 Clone,
1206 1496 1247 1560 de
1261 1507 1328 1561 toto
1341 1496 1484 1561 dominio
1497 1496 1539 1560 de
1548 1496 1669 1561 Clenor
1681 1518 1747 1581 per

530 1620 747 1689 Willielmum
766 1621 838 1703 Erl,
948 1624 1140 1710 Philippum
1159 1623 1282 1707 Rouse,
1353 1624 1537 1690 Henricum
1547 1624 1722 1710 Forestyn,

531 1708 716 1774 Iohannem
727 1709 914 1787 OHannan,
947 1710 1098 1777 Clement
1113 1711 1257 1791 Russell,
1355 1710 1533 1776 Patricium
1548 1711 1689 1795 ODuyr,

530 1794 716 1862 Walterum
730 1795 933 1883 OKeneruy,
949 1796 1135 1863 Gilbertum
1147 1797 1312 1874 Maunsel,
1355 1796 1465 1863 David
1480 1797 1614 1883 OKasy.

529 1881 747 1949 Williclmum
765 1882 910 1971 Nongle,
948 1883 1145 1950 Nicholaum
1153 1883 1341 1963 OHannan,
1355 1883 1422 1949 etP
1449 1884 1456 1898 '
1474 1882 1742 1972 'ppumOQuyn,

507 2016 509 2021 ,
941 1968 1125 2037 Robcrtum
1140 1970 1267 2052 Broun,

574 2097 643 2169 Qui
655 2097 758 2185 jurati
773 2098 889 2164 dicunt
901 2099 992 2185 quod
1006 2100 1042 2164 in
1060 2110 1127 2165 tota
1140 2099 1220 2165 villa
1235 2100 1276 2164 de
1292 2098 1413 2165 Clenor
1428 2121 1493 2164 non
1511 2110 1561 2163 est
1577 2098 1666 2175 nisi„
1681 2147 1735 2168 ...

528 2197 685 2249 carucatas
707 2196 799 2249 terrae
818 2208 892 2251 cum
913 2186 945 2250 le
963 2184 1102 2265 Garran,
1120 2186 1209 2251 unde
1227 2185 1388 2251 Dominus
1409 2185 1588 2271 Dionysius
1609 2185 1738 2270 Ogorm

528 2281 618 2335 tenet
641 2270 808 2335 dimidiam
831 2283 989 2337 carucatae
1015 2284 1121 2352 terrae,
1144 2272 1243 2359 juxta
1266 2274 1352 2337 viam
1376 2295 1449 2358 quae
1478 2272 1570 2337 ducit
1594 2271 1737 2351 Bothon,

528 2378 589 2442 per
619 2356 750 2421 servitia
777 2379 845 2436 xa,
870 2370 904 2422 et
930 2369 1024 2423 sectoe
1052 2359 1171 2435 curiae3
1201 2370 1235 2425 et
1258 2359 1368 2424 David
1393 2359 1506 2424 Roche
1530 2370 1619 2424 tenet
1644 2358 1738 2423 aliam

529 2442 696 2509 dimidiam
725 2456 881 2509 carucatas
910 2455 1017 2521 terrae,
1044 2468 1086 2509 ex
1113 2458 1204 2531 parte
1229 2445 1377 2511 orientali
1403 2445 1502 2525 villa,
1523 2468 1582 2529 per
1606 2446 1739 2510 servitia

527 2554 582 2597 xe.
603 2554 663 2617 per
685 2552 818 2610 annum,
841 2542 874 2596 et
895 2542 990 2595 sectae
1012 2532 1110 2597 curiae
1125 2532 1167 2597 de
1183 2532 1379 2619 Kyllenon„
1393 2581 1423 2600 ..
1438 2581 1466 2599 ..
1481 2582 1510 2601 ..
1525 2582 1553 2599 ..
1569 2543 1616 2599 ,et
1630 2530 1738 2597 forent

527 2618 672 2697 servitia,
701 2629 735 2683 et
764 2618 854 2703 quod
883 2629 1031 2683 tenentes
1061 2619 1123 2698 sui,
1160 2630 1194 2685 et
1229 2642 1342 2683 eorum
1371 2618 1512 2704 quilibet
1539 2640 1672 2683 manens
1701 2618 1737 2682 in

504 2705 606 2783 ,villa
628 2706 669 2771 de
693 2704 827 2785 Clenor,
846 2704 1011 2771 solverent
1032 2705 1162 2770 domino
1183 2706 1217 2770 in
1240 2728 1325 2769 anno
1344 2705 1386 2770 ad
1405 2705 1526 2769 festum
1547 2704 1738 2770 Nativiutis

528 2791 664 2858 Domini
688 2790 710 2859 i.
734 2792 900 2879 gallinam,
925 2802 958 2857 et
984 2793 1075 2879 quod
1099 2792 1249 2857 dominus
1274 2791 1408 2857 habebit
1431 2792 1678 2857 amerciamcnta
1700 2791 1736 2856 in

528 2879 620 2945 curia
640 2901 710 2955 sua,
731 2902 791 2965 pro
813 2902 926 2945 eorum
948 2878 1266 2967 transgressionibus.

574 2965 658 3029 Item
684 2966 800 3030 dicunt
823 2968 912 3051 quod
937 2965 959 3030 J
961 2966 1103 3031 ohannes
1123 2965 1211 3030 filius
1232 2963 1404 3030 Willielmi
1430 2963 1546 3029 Roche
1567 2975 1602 3029 et
1624 2963 1735 3029 David

527 3048 644 3135 Walys
674 3061 787 3115 tenent
816 3052 905 3135 apud
933 3051 966 3116 le
997 3052 1123 3117 Garran
1154 3051 1320 3117 dimidiam
1354 3065 1512 3116 carucata
1541 3064 1646 3131 terre,
1675 3072 1735 3135 per

528 3135 659 3200 servitia
673 3156 728 3199 xe.
745 3158 804 3219 per
820 3159 953 3214 annum,
968 3148 1002 3201 et
1019 3152 1113 3204 secta
1129 3138 1237 3203 curiae.

572 3220 657 3285 Item
679 3221 793 3286 dicunt
808 3221 898 3306 quod
920 3222 1069 3287 dominus
1091 3223 1190 3289 habet
1211 3224 1253 3289 de
1277 3224 1371 3289 terris
1398 3221 1568 3289 dominicis
1594 3223 1630 3287 in
1657 3221 1734 3287 villa

525 3308 684 3393 predicta,
704 3306 871 3372 dimidiam
886 3319 1068 3373 carucatam
1084 3322 1191 3389 terrie,
1209 3333 1253 3375 ex
1273 3324 1367 3396 parte
1388 3310 1521 3375 australi
1535 3310 1622 3375 rillae
1637 3332 1733 3395 quam

526 3394 690 3461 Robertus
708 3394 812 3460 Beket
827 3407 915 3461 tenet
931 3395 973 3459 ad
986 3393 1123 3473 firmam,
1138 3419 1197 3481 per
1209 3398 1376 3463 servitium
1392 3398 1469 3463 xiia.
1487 3420 1546 3482 per
1560 3419 1691 3461 annum.

570 3482 615 3549 Et
636 3482 751 3548 dicunt
775 3481 864 3569 quod
886 3494 1019 3549 estune
1040 3505 1129 3548 mora
1148 3497 1260 3549 vocata
1280 3483 1490 3569 Dcupduyst,
1508 3506 1582 3569 quae
1605 3482 1733 3547 ducite

524 3563 604 3636 v'illa
627 3571 668 3636 de
694 3570 814 3637 Clenor
839 3570 1009 3657 usquead
1038 3570 1162 3649 Grove,
1185 3572 1244 3637 ubi
1271 3571 1422 3636 dominus
1448 3584 1482 3636 et
1508 3582 1657 3635 tenentes
1682 3568 1732 3633 sui

523 3657 646 3723 habent
661 3658 875 3723 communiam
891 3680 950 3742 pro
965 3657 1069 3723 turbis
1084 3657 1258 3737 fodiendis,
1273 3670 1307 3722 et
1322 3657 1432 3722 bestiis
1445 3655 1659 3741 pasturandis.

569 3744 655 3808 Item
673 3746 787 3809 dicunt
805 3745 895 3829 quod
906 3744 1046 3809 Thomas
1060 3743 1217 3831 OHenny
1232 3743 1337 3810 tenuit
1348 3744 1390 3808 de
1403 3743 1545 3822 domino,
1558 3743 1581 3809 i.
1593 3764 1731 3807 messua-

523 3830 626 3917 gium‚
639 3842 670 3895 et
685 3829 742 3893 xii.
755 3852 843 3895 acras
856 3844 962 3910 terrae,
975 3854 1047 3918 quae
1061 3831 1183 3896 debent
1194 3854 1263 3895 esse
1276 3830 1432 3896 eschaetae
1445 3829 1577 3895 domino
1588 3852 1628 3894 eo
1643 3828 1731 3915 quod

523 3916 605 3983 obiit
620 3916 690 3981 sine
704 3916 835 3982 herede.

567 4004 653 4069 Item
676 4001 790 4067 dicunt
813 4003 903 4088 quod
926 4001 1038 4068 David
1057 4004 1123 4069 fitz.
1139 4004 1251 4070 David
1273 4002 1386 4069 Roche
1407 4014 1498 4069 tenet
1522 4002 1564 4067 de
1589 4000 1730 4079 domino,

522 4092 564 4157 de
585 4089 678 4157 terris
698 4088 866 4153 dominicis
884 4090 964 4167 suis,
980 4090 1039 4157 iiii.
1059 4114 1146 4157 acras
1171 4104 1277 4169 terrae,
1295 4090 1419 4175 absque
1442 4088 1569 4175 focagio
1590 4089 1644 4154 vel
1668 4088 1731 4153 alio

522 4178 667 4259 servitio,
683 4190 715 4241 et
728 4198 788 4262 per
803 4198 859 4241 xe.

565 4264 650 4329 Item
678 4262 792 4329 dicunt
818 4261 909 4348 quod
935 4262 1099 4329 Robertus
1127 4264 1234 4330 Beket
1259 4274 1347 4329 tenet
1369 4263 1412 4328 de
1441 4261 1536 4327 terris
1562 4260 1729 4327 dominicis

521 4350 655 4429 ibidem,
676 4370 781 4427 xxiv.
804 4372 904 4427 acras,
925 4349 971 4415 iii.
996 4361 1123 4438 stangas
1145 4362 1239 4416 terra
1263 4350 1304 4415 ad
1320 4348 1509 4430 torminum,
1530 4370 1589 4435 pet
1609 4347 1729 4415 saum
