3825 5059
1115 444 1266 535 18'

534 652 777 719 'uxtaGowers
790 650 878 717 land„
912 650 958 718 Et
968 650 990 717 i.
1004 672 1078 717 acra
1091 664 1125 718 et
1138 651 1272 719 dimidia
1281 652 1382 740 juxta
1392 650 1573 719 Onokrath.
1606 650 1764 719 Etinlc

573 738 719 805 ukelleld
735 737 781 804 xl.
798 759 879 803 acrae
895 737 1098 803 continentes
1114 736 1185 825 Kyl
1209 762 1231 804 n
1247 739 1391 804 Arlema.
1430 738 1478 805 Et
1490 738 1522 804 le
1537 736 1766 825 langularia,

532 826 701 891 continens
716 824 772 890 vii.
788 846 887 890 acras.
932 824 978 890 Et
994 762 1266 912 Lakyncroyhey,
1280 825 1449 891 continens
1463 825 1534 891 xiii
1549 846 1655 891 acras.
1694 823 1765 890 Ea

532 910 630 978 Siron
653 911 820 997 Cnolrrcy,
842 911 1011 976 continens
1032 910 1125 976 xviii.
1151 933 1252 989 acras,
1277 934 1321 977 ex
1349 910 1484 978 australi
1505 923 1541 978 et
1562 908 1764 997 aquilonali

533 998 626 1064 'acet
670 998 716 1063 Et
736 1018 835 1083 super
852 996 884 1063 le
900 997 1004 1085 Hylle
1021 997 1120 1083 juxta
1139 997 1334 1085 burgagium
1348 998 1383 1064 ii.
1398 1020 1491 1064 aorae.
1535 996 1765 1063 Etmorade

569 1084 649 1173 ylyn
663 1085 704 1150 de
720 1084 958 1170 Kylmarauch,
974 1084 1142 1149 continens
1158 1084 1193 1149 in
1208 1108 1242 1150 se
1257 1085 1350 1150 xviii.
1365 1107 1464 1150 acras.
1508 1084 1555 1151 Et
1572 1084 1766 1170 Gnokrey,

530 1194 587 1238 xv.
602 1192 693 1239 acra.
731 1170 778 1238 Et
786 1170 885 1257 juxte
897 1170 928 1237 le
945 1170 1155 1257 Blalredyche
1171 1193 1214 1236 ex
1229 1195 1295 1237 una
1309 1182 1401 1256 parte
1416 1183 1450 1237 et
1464 1169 1527 1237 alia
1540 1168 1634 1237 xviii.
1648 1190 1763 1237 acra.

531 1257 578 1325 Et
591 1257 627 1324 in
641 1256 912 1325 Louhansalauch
928 1257 1018 1367 quod
1033 1257 1142 1324 dictur
1156 1258 1352 1337 Horealooh,
1363 1258 1533 1323 continens
1547 1256 1583 1323 in
1596 1279 1634 1323 se
1647 1254 1761 1323 xviii.

531 1367 633 1425 acras,
648 1358 681 1412 et
701 1345 876 1411 dimidiam.
921 1344 968 1409 lat
983 1344 1005 1408 i.
1021 1343 1085 1409 alia
1101 1358 1303 1430 quarentena
1318 1356 1434 1410 vocata
1450 1344 1503 1411 Go
1601 1340 1765 1419 ebanem·

532 1432 700 1499 continens
714 1432 748 1497 ii.
765 1454 863 1497 acras.
908 1430 954 1496 Et
975 1432 997 1495 i.
1017 1430 1079 1495 alia
1101 1434 1170 1496 Gor
1229 1430 1380 1517 gebaueh
1400 1443 1515 1497 vocata
1572 1430 1761 1531 ylgrosyn,

531 1518 701 1584 continens
730 1516 763 1583 ii.
795 1538 893 1583 acras.
939 1517 985 1583 Et
1010 1530 1090 1581 tunc
1114 1517 1147 1582 le
1171 1444 1758 1603 lliimagh,oontineosv1ii.acras.

532 1604 580 1671 Et
594 1605 630 1669 in
646 1601 940 1689 Lcsaenchynauch
954 1604 1142 1669 continente
1155 1603 1202 1670 iii.
1218 1626 1316 1671 acras.
1354 1604 1401 1669 Et
1414 1604 1553 1669 Cnokan
1568 1602 1758 1669 Glassenet

531 1712 606 1777 quae
628 1689 747 1755 dieitur
763 1689 901 1757 Cnolcan
920 1690 1075 1775 Lepotes,
1095 1702 1130 1756 et
1144 1690 1337 1770 Grec-eseli,
1354 1702 1388 1756 et
1407 1689 1444 1755 in
1460 1690 1620 1777 burgagio
1637 1686 1757 1754 conti·

529 1786 630 1842 nente
648 1788 805 1842 carucata
821 1776 1001 1856 dimidiam,
1016 1799 1090 1863 qua
1112 1777 1259 1843 continet
1278 1776 1334 1842 vii.
1347 1777 1436 1860 (xx.)
1452 1798 1552 1842 acras.
1597 1773 1755 1862 Quiqui·

530 1862 606 1928 clem
626 1861 806 1949 burgenses
828 1874 904 1929 sunt
925 1864 1058 1951 betagii.
1080 1886 1182 1949 quare
1202 1886 1270 1929 non
1291 1874 1428 1948 possunt
1448 1863 1497 1929 ire
1521 1884 1564 1928 ex
1577 1861 1658 1929 villa
1675 1860 1755 1927 nisi

528 1948 636 2016 facere
657 1963 824 2036 pasturam
843 1973 941 2035 super
963 1962 1065 2016 terras
1080 1949 1255 2016 dominicas
1270 1950 1407 2029 domini,
1421 1948 1632 2036 quequidem
1644 1960 1753 2015 terre

522 2035 635 2123 jacent
649 2048 683 2104 et
697 2037 855 2105 claudunt
868 2036 1066 2123 burgagium
1080 2060 1186 2124 usqne
1200 2038 1321 2103 villam.

595 2174 778 2241 Nioholaus
793 2173 858 2242 fitz.
872 2171 983 2238 David
997 2172 1114 2258 Barry,
1158 2172 1297 2240 Dermot
1311 2170 1501 2252 0hundina,

595 2258 760 2326 Robertus
780 2260 897 2345 Bamy,
1157 2259 1180 2326 J
1181 2260 1322 2326 ordanus
1338 2258 1505 2338 Tanhard,

595 2345 786 2431 Odowynus
801 2346 991 2431 Cardygan,
1158 2346 1298 2411 Thomas
1317 2346 1436 2425 Albus,

594 2430 745 2497 Donatus
760 2430 1010 2509 Ohenwonhan,
1157 2432 1180 2499 J
1180 2432 1323 2497 ohannes
1338 2431 1518 2511 Ambenus,

594 2516 791 2583 Laurentius
807 2516 1044 2603 Omolkannys,
1158 2518 1298 2585 Thomas
1317 2518 1428 2596 Casae,

595 2604 736 2671 Thomas
753 2604 967 2682 Orewordan‚
1157 2605 1323 2672 Robertus
1333 2604 1438 2692 Barry
1444 2602 1486 2671 de
1496 2599 1749 2693 Kilmaelenyn,

595 2690 747 2759 Donatus
763 2688 916 2779 Ohurhy,
1156 2691 1355 2758 Willielmus
1369 2691 1434 2759 fitz.
1450 2688 1587 2758 Geroldi
1601 2690 1722 2782 Barry,

976 2774 1089 2845 David
1100 2775 1278 2867 Ohanohy,

314 2916 419 2985 halyn.
573 2901 595 2969 J
597 2900 682 2970 urati
703 2900 793 2989 apud
808 2900 938 2967 Bothon
954 2898 1007 2967 die
1023 2898 1126 2967 Luna
1142 2912 1215 2966 ante
1230 2899 1350 2967 festum
1364 2897 1521 2966 Omnium
1535 2896 1744 2976 Smctorurn,

530 3012 615 3055 anno
630 2989 767 3055 Domini
784 2988 954 3055 millesimo
970 3010 1035 3054 cce.
1050 2989 1109 3053 xli.
1125 2989 1185 3075 qui
1199 2988 1315 3054 dicunt
1328 2986 1419 3073 quod
1433 2984 1552 3073 Lalryn
1569 2997 1637 3053 tota
1649 2997 1742 3053 tene·

529 3087 584 3140 tur
606 3074 647 3139 de
666 3075 831 3159 Episcopo
850 3075 966 3155 Cleua,
984 3098 1044 3160 per
1062 3077 1232 3142 servitium
1252 3097 1356 3140 xxxa.
1371 3096 1432 3159 per
1448 3094 1582 3150 annum,
1597 3084 1633 3139 et
1648 3073 1744 3159 quod

530 3159 799 3260 Qmolylrannysh
822 3170 913 3226 tenet
936 3162 1065 3225 tertiam
1088 3174 1215 3245 partem
1240 3161 1320 3227 dicti
1342 3159 1532 3240 tenementi,
1553 3182 1613 3246 per
1638 3157 1744 3229 ervi·

529 3255 611 3309 trum
623 3264 679 3308 xc.

572 3328 619 3395 Et
638 3326 728 3413 quod
742 3325 910 3391 Archerus
931 3328 1038 3393 tenuit
1055 3327 1150 3393 aliam
1168 3339 1307 3413 partem,
1321 3350 1380 3413 per
1398 3329 1566 3395 servitium
1583 3352 1664 3399 xxc.
1679 3348 1743 3417 per

530 3434 662 3492 annum,
680 3423 714 3477 et
733 3411 824 3498 quod
844 3411 950 3477 dictus
968 3410 1137 3478 Archarus
1159 3412 1302 3478 feoffavit
1320 3413 1521 3498 Gyllaaapok
1525 3460 1647 3484 ......
1656 3417 1699 3482 de
1715 3417 1741 3486 i.

530 3510 731 3588 quarentena
744 3510 850 3579 terre,
864 3520 925 3583 per
942 3498 1112 3565 servitium
1129 3522 1184 3565 xc.
1200 3498 1347 3564 redditus
1363 3497 1521 3563 Archero.
1566 3498 1741 3567 Predictus

530 3585 711 3691 Gyllaspok
722 3583 914 3651 interiectus
925 3584 1001 3666 fuit,
1013 3597 1046 3651 et
1056 3584 1202 3652 feoffavit
1213 3585 1371 3651 Thomam
1382 3583 1622 3669 omolyannis„
1635 3632 1646 3655 .
1657 3631 1670 3655 .
1679 3632 1710 3656 ..
1723 3634 1736 3657 .

529 3676 669 3756 sancitus,
680 3686 714 3742 et
728 3673 864 3739 heredes
879 3674 930 3739 sui
944 3672 1114 3761 fugiebant
1125 3672 1261 3759 patriam
1275 3684 1408 3758 propter
1419 3669 1641 3751 inimicitiam
1656 3682 1740 3740 tuno

529 3762 697 3830 chrieus
708 3760 851 3849 Ogylina
863 3759 958 3828 heres
974 3760 1053 3826 dicti
1067 3760 1209 3827 Archeri
1221 3760 1357 3825 intravit
1371 3758 1490 3824 dietam
1504 3770 1739 3844 quarentenam

528 3862 624 3917 terra
639 3860 714 3934 post
728 3850 896 3915 decessum
912 3847 1115 3931 Gilleaspok,
1125 3861 1159 3915 et
1172 3845 1319 3914 ieoffavit
1332 3845 1524 3930 Philippum
1539 3842 1739 3933 Omolykan·

528 3935 602 4001 nish
612 3936 654 4001 de
666 3935 813 4020 predicta
825 3948 1027 4022 quarentena
1038 3958 1113 4000 oum
1124 3933 1346 4021 pertinentiisz
1362 3956 1421 4018 per
1430 3931 1600 3999 servitium
1612 3955 1669 4000 xc.

529 4044 662 4100 annum,
676 4021 845 4086 reddendo
862 4022 992 4087 domino
1009 4022 1174 4109 Episcopo
1189 4021 1293 4089 Clone
1308 4020 1363 4086 vel
1380 4019 1443 4086 sibi
1457 4018 1621 4107 ignoram-
1701 4018 1739 4086 ui

529 4109 704 4195 Philippus
719 4107 800 4185 obiit
815 4108 955 4187 seisitue,
970 4121 1003 4175 et
1020 4110 1108 4175 filius
1123 4132 1202 4175 suus
1216 4110 1251 4175 in
1267 4108 1354 4174 dicta
1371 4118 1574 4194 quarentena
1590 4106 1739 4187 inussit,

528 4208 566 4264 ut
586 4196 691 4273 heres,
712 4204 745 4259 et
759 4192 823 4258 fuit
845 4195 880 4259 in
901 4196 1048 4262 custodia
1071 4197 1355 4282 pertinentiarum,
1371 4207 1405 4260 et
1425 4192 1481 4260 ille
1499 4193 1535 4259 in
1555 4192 1651 4280 cujus
1673 4190 1740 4259 fuit

528 4283 675 4349 custodia
698 4279 789 4345 venit
811 4280 853 4345 ad
877 4280 1079 4368 Episcopum
1104 4283 1220 4364 Clone,
1244 4280 1340 4347 vidlt.
1358 4280 1524 4359 Oshehan,
1546 4290 1582 4345 et
1602 4277 1739 4346 tradidit

516 4370 652 4437 *dictum
665 4367 821 4435 heredem
840 4366 1004 4453 Episcopo
1025 4393 1099 4435 cum
1120 4370 1270 4436 omnibus
1291 4367 1386 4435 terris
1404 4378 1438 4454 et
1458 4364 1663 4447 tenementis,
1677 4364 1739 4451 qni
