3825 5059
788 443 833 515 13

201 630 379 713 fidelitatis,
400 628 528 711 warda,
551 640 585 697 et
605 628 785 696 communis
809 640 904 697 sectae
927 628 1026 696 curia
1047 628 1089 696 ds
1111 629 1242 697 castello
1263 631 1304 697 de
1327 622 1413 717 Kyt-

201 718 385 805 maclenyn,
407 729 441 783 et
464 739 523 804 per
544 716 712 783 servitium
734 714 827 783 xiiis.
848 716 933 785 iiiid.
979 716 1142 783 solvendo
1166 717 1208 782 ad
1231 718 1313 782 duos
1336 716 1413 782 anni

202 804 356 871 terminos
368 829 379 883 3
406 804 506 871 vidtr
536 802 577 869 sd
602 802 721 869 festum
744 802 929 884 Michaelis,
951 803 1018 871 ris.
1038 802 1146 882 viiia,
1170 814 1205 870 et
1227 804 1269 869 ad
1295 802 1413 869 festum

203 890 349 969 Pascha,
363 890 429 956 vis.
451 889 548 956 viiia.

248 978 409 1043 Dominus
436 974 635 1041 Willielmus
665 974 779 1061 Cogan
808 975 963 1063 cognorit
991 974 1140 1041 similiter
1169 998 1204 1041 sc
1233 988 1344 1042 tenere
1371 976 1413 1042 dc
1426 987 1583 1057 Bolsghsth.

205 1063 349 1141 domino,
369 1076 403 1128 et
427 1062 469 1127 de
489 1062 577 1128 dicto
596 1071 712 1139 castro,
732 1060 843 1127 villam
862 1063 903 1127 de
924 1062 1119 1149 Balaghath,
1136 1074 1236 1127 totam
1254 1062 1413 1163 integram

205 1172 280 1216 cum
303 1148 463 1236 burgagio
484 1147 619 1226 ibidem,
641 1160 674 1213 et
696 1147 840 1213 continet
861 1148 928 1214 viii.
952 1161 1117 1214 carucatas
1138 1161 1245 1228 terrae,
1269 1162 1414 1234 exceptis

205 1235 313 1313 rubel,
323 1236 436 1320 pratis,
445 1246 478 1300 et
492 1234 620 1318 ripariis
633 1256 707 1321 quae
719 1256 786 1299 non
797 1248 1038 1313 mensurantur,
1047 1256 1107 1319 per
1119 1234 1252 1299 servitia
1262 1234 1416 1320 homagii,

204 1322 381 1398 fidelitatis,
395 1320 526 1399 warda,
541 1320 718 1385 communis
739 1332 834 1386 sectae
852 1321 893 1387 sd
912 1321 1037 1387 dictum
1055 1331 1206 1400 castrum,
1221 1332 1255 1386 et
1272 1342 1331 1405 per
1348 1342 1415 1385 ser·

204 1408 321 1474 vitium
345 1408 413 1473 vio.
436 1407 545 1483 viiia,
569 1406 610 1471 ad
640 1405 794 1471 terminos
821 1408 1055 1493 suprascriptos
1085 1406 1326 1488 solvendorum.
1371 1406 1417 1472 Et

206 1494 356 1560 dominus
377 1494 412 1559 in
434 1493 541 1558 medio
565 1491 634 1557 foro
656 1506 764 1577 potest
785 1493 992 1579 distringere,
1019 1492 1061 1557 ad
1081 1492 1285 1559 voluntatem
1312 1515 1416 1571 suam,

205 1602 338 1667 poscere
353 1602 407 1659 ve,
421 1579 475 1645 rel
490 1578 578 1657 alias,
593 1578 634 1643 ad
648 1577 849 1645 voluntatem
866 1578 985 1644 Ballivi
999 1579 1061 1644 sui.

251 1666 433 1731 Mauricius
451 1665 591 1749 Chapell
612 1664 765 1751 cognovit
787 1688 822 1729 se
842 1676 953 1730 tenere
975 1665 1017 1729 de
1038 1664 1169 1730 domino
1187 1664 1416 1752 Ooulheneny,
1429 1680 1608 1745 coulheaeay.

206 1764 240 1817 et
261 1752 322 1817 sibi
348 1752 427 1818 fecit
453 1750 639 1837 homagium
662 1750 751 1835 apud
773 1749 968 1837 Balaghath‚
989 1751 1043 1816 dic
1064 1752 1174 1816 martis
1196 1764 1269 1816 ante
1297 1751 1416 1818 festum

207 1838 468 1904 circumcisionis
490 1837 636 1915 Domini,
651 1859 712 1921 pro
730 1848 915 1902 tenemento
935 1837 977 1902 de
993 1836 1219 1924 Coulheneny,
1233 1837 1334 1904 vidtr
1355 1860 1417 1921 pro

206 1923 264 1990 iiii.
281 1924 437 1990 carucatis
458 1937 551 1988 terrae
573 1945 654 2008 quas
671 1921 793 1987 ibidem
808 1934 898 1988 tenet
916 1923 956 1987 de
972 1922 1060 1988 dicto
1075 1935 1191 2003 castro,
1206 1945 1265 2008 per
1286 1924 1418 1989 servitia

207 2009 546 2097 homagii,fidelitatis,
556 2007 684 2084 warda,
694 2020 727 2072 et
739 2008 915 2073 communis
927 2022 1021 2075 secta
1034 2009 1143 2089 curias,
1152 2011 1193 2074 ad
1204 2009 1418 2089 voluntatem,

209 2108 243 2161 et
256 2118 316 2181 per
332 2095 500 2160 servitium
512 2095 580 2160 xla.
593 2116 653 2179 per
668 2116 801 2171 annum,
812 2094 854 2159 ad
869 2095 1023 2160 terminos
1033 2095 1163 2161 usuales
1178 2095 1419 2175 solvendorum,

208 2194 242 2247 et
258 2182 347 2267 quod
361 2180 512 2247 dominus
527 2179 659 2246 habebit
676 2180 799 2245 curiam
815 2180 856 2245 dc
870 2182 1020 2247 omnibus
1033 2181 1218 2247 tenentibus
1233 2181 1298 2247 suis
1319 2203 1420 2266 supra

209 2268 340 2333 dictiam
358 2280 477 2333 terram
495 2266 745 2344 comorantibus,
763 2279 797 2332 et
811 2268 923 2333 venire
943 2268 1063 2333 debent
1075 2268 1117 2333 ad
1136 2268 1258 2334 curiam
1276 2268 1317 2332 de
1333 2268 1420 2355 Kyi-

208 2354 381 2504 aiaolenyn
404 2353 433 2419 si
455 2375 586 2419 necesse
607 2353 718 2433 fuerit,
738 2352 792 2421 vol
811 2366 909 2420 erunt
930 2355 973 2423 ad
992 2355 1234 2441 panellandum,
1253 2354 1282 2419 si
1301 2354 1419 2441 aliquis

210 2452 326 2506 camut
345 2463 409 2507 eos.

254 2526 417 2593 Robertus
427 2526 541 2613 Cogan
553 2525 612 2612 qui
623 2538 673 2593 est
684 2526 719 2592 in
730 2528 840 2593 warda
851 2528 975 2594 domini
987 2527 1140 2615 cognovit
1150 2549 1185 2592 sc
1197 2538 1309 2592 tenere
1320 2524 1420 2591 simil·
1431 2539 1614 2605 maerorum.

209 2612 271 2678 iter
287 2613 328 2680 do
343 2613 474 2679 domino
489 2616 524 2678 in
539 2612 767 2700 Coulheneny,
782 2636 879 2680 unam
895 2627 1075 2680 carucatam
1089 2626 1183 2679 terrae
1197 2635 1270 2698 quae
1286 2624 1421 2677 vocatur

213 2698 441 2785 Macholdryk,
462 2722 521 2784 por
542 2700 673 2765 servitia
695 2699 850 2786 homagii,
874 2700 1050 2774 fidelitatis,
1067 2699 1197 2777 warda,
1217 2710 1311 2762 secta
1336 2719 1421 2761 com·

210 2785 318 2850 munis
347 2786 390 2850 ad
417 2786 540 2849 curiam
570 2784 611 2849 dc
641 2782 896 2884 Kylmaclenyn,
925 2798 960 2851 et
988 2785 1080 2871 quod
1109 2784 1258 2847 dominus
1287 2781 1423 2847 habebit

211 2870 335 2936 curiam
358 2869 399 2933 de
421 2869 570 2935 omnibus
594 2869 777 2934 tenentibus
800 2892 866 2933 aurs
889 2870 926 2935 in
952 2870 1114 2948 omnibus,
1134 2868 1219 2933 sicut
1244 2868 1285 2932 de
1308 2880 1422 2933 tenen·

210 2956 299 3022 tibus
315 2953 468 3019 Mauricii
484 2951 621 3037 Chapel,
636 2964 669 3019 et
694 2953 847 3019 redderet
870 2953 1002 3020 domino
1023 2977 1084 3038 per
1107 2976 1241 3033 annum,
1258 2954 1299 3019 sd
1317 2953 1422 3018 dictos

211 3040 366 3107 terminos
388 3038 410 3104 i.
435 3061 573 3105 marcam
585 3061 596 3114 ;
623 3050 656 3104 et
679 3038 776 3104 modo
802 3039 838 3104 in
860 3062 961 3106 manu
985 3038 1120 3120 domini,
1142 3061 1203 3126 per
1226 3052 1421 3106 escaetorem

211 3128 365 3194 redderet
385 3147 585 3211 perannum
606 3124 674 3191 xla.

257 3215 278 3279 J
280 3213 424 3279 ordonus
440 3212 560 3297 Yonge
582 3210 736 3298 cognorit
757 3234 791 3277 se
813 3224 925 3280 tencre
946 3213 988 3279 dc
1006 3212 1137 3280 domino
1155 3210 1370 3293 Cloncourth,
1388 3224 1422 3280 ct
1434 3227 1602 3283 clocam

213 3299 321 3366 omnia
347 3310 533 3365 tenementa
558 3320 617 3363 sua
640 3321 713 3385 quae
738 3311 816 3364 sunt
841 3299 877 3365 in
900 3302 1055 3367 comitatu
1080 3300 1181 3378 cork,
1205 3323 1265 3385 per
1289 3300 1422 3367 servitia

212 3386 367 3473 homagii,
387 3384 564 3462 fidelitatis,
579 3386 707 3465 wardoe,
721 3385 848 3463 relevii,
864 3397 896 3451 et
919 3398 1012 3454 secta
1034 3385 1144 3467 curias,
1160 3386 1203 3451 ad
1219 3387 1422 3453 voluntatem

214 3472 336 3538 domini
351 3472 393 3537 ad
412 3483 553 3538 castrum
565 3472 606 3537 de
623 3471 875 3558 Kylmaclenyn,
889 3485 923 3538 ct
938 3495 997 3558 per
1009 3473 1179 3539 servitium
1192 3473 1227 3539 ii.
1242 3495 1423 3539 marcarum

213 3580 274 3643 per
301 3581 434 3637 annum,
461 3558 503 3622 ad
530 3557 684 3623 terminos
708 3558 849 3639 usuales,
874 3570 908 3625 et
932 3559 1023 3644 quod
1049 3559 1199 3624 dominus
1223 3558 1356 3623 habebit
1380 3558 1424 3623 do

214 3642 364 3712 omnibus
377 3643 563 3710 tenentibus
577 3644 643 3708 suis
655 3643 739 3709 sicut
750 3643 850 3711 habet
862 3644 902 3711 de
916 3644 1102 3711 tenentibus
1118 3642 1272 3709 Mauricii
1285 3642 1423 3727 Chapcl,

214 3742 249 3796 ct
260 3729 339 3796 fecit
349 3730 479 3795 domino
491 3728 689 3816 homagium,
701 3730 754 3795 die
765 3730 876 3797 martis
888 3743 962 3816 post
975 3730 1096 3796 festum
1105 3730 1207 3795 sancti
1222 3728 1256 3793 N
1258 3728 1377 3795 icholsi
1387 3730 1424 3795 in

214 3814 350 3883 ecclesia
365 3816 405 3881 de
423 3814 616 3900 Balaghath,
632 3830 666 3883 ct
681 3829 759 3882 tunc
774 3818 928 3903 cognorit
941 3816 1121 3883 manerium
1136 3828 1240 3881 totum
1257 3814 1326 3881 inte

213 3901 320 3969 teneri
335 3900 376 3965 de
393 3916 498 3967 castro
513 3901 555 3965 de
571 3902 824 3988 Kylmaclanyn,
839 3926 914 3969 oum
928 3903 975 3970 iii.
991 3902 1149 3968 carucatis
1164 3914 1258 3968 terrra
1272 3902 1308 3969 in
1352 3904 1423 3967 lon·

214 3986 343 4064 courth,
363 4009 423 4071 per
444 3986 576 4052 servitia
596 3988 794 4073 supradicta,
817 4001 851 4055 et
872 3990 963 4076 quod
982 3988 1090 4055 omnia
1111 4000 1295 4055 tenemento
1312 3988 1425 4075 jacent

215 4074 251 4140 in
266 4072 422 4139 comitatu
437 4069 537 4138 Cork.

258 4159 430 4226 Donaldus
448 4155 696 4225 Ochwonhan
720 4159 922 4246 cognovitne
939 4174 1051 4229 tenere
1066 4161 1109 4227 de
1131 4160 1263 4228 domino
1278 4152 1423 4225 Talares
1433 4174 1558 4231 Tutus.

215 4257 317 4313 totam
341 4246 409 4313 ints
434 4266 514 4326 ram,
542 4266 616 4333 quro
643 4246 788 4313 continet
815 4246 852 4313 in
883 4270 918 4314 se
944 4248 1002 4315 vii.
1032 4259 1197 4315 carucatas
1218 4258 1326 4323 terras,
1352 4244 1423 4312 sine

216 4342 372 4412 vastam
430 4343 489 4414 ,st
503 4330 613 4413 bosco,
634 4352 695 4419 per
710 4332 842 4403 servitiu
855 4333 889 4401 ii.
905 4356 1086 4401 marcarum
1103 4356 1163 4420 per
1181 4353 1313 4413 annuum,
1328 4344 1421 4399 rectas
