3825 5059
285 1028 453 1095 Bulycottyn.

1094 498 1116 569 6

545 685 696 751 Decanus
721 706 779 769 pro
802 694 985 749 tenemento
1002 696 1035 748 et
1048 695 1118 748 orto
1134 677 1298 770 quondam
1320 680 1479 749 Iohannis
1496 682 1668 769 Strange
1691 706 1764 769 per

501 796 634 853 annum,
662 783 695 836 et
719 784 792 855 post
816 772 989 836 terminum
1014 792 1110 835 suum
1133 770 1282 835 dominus
1303 770 1446 835 habebit.
1607 840 1614 847 ¹

545 859 664 924 Omnes
680 858 732 922 isti
747 859 867 922 debent
885 857 1048 922 custodire
1069 856 1165 941 gayol
1189 856 1331 933 domino,
1346 869 1380 921 et
1402 855 1507 920 facere
1531 868 1698 941 pratum
1720 870 1760 921 et

501 968 634 1029 parcum
648 945 781 1021 domim,
797 945 874 1029 qnia
889 956 1002 1008 tenent
1017 966 1074 1027 per
1090 943 1257 1007 servitium
1273 944 1314 1007 ad
1329 942 1528 1007 voluntatem
1543 943 1719 1007 domini.

546 1032 628 1096 Item
654 1032 767 1095 dicunt
792 1030 881 1115 quod
906 1031 994 1114 apud
1019 1028 1214 1116 Balycottyn
1238 1040 1315 1093 suut
1338 1030 1411 1092 duze
1435 1042 1591 1093 carucata
1629 1042 1753 1093 terrae

501 1119 641 1196 arabilis,
657 1130 689 1183 et
711 1140 769 1182 sex
793 1140 873 1181 aerae
894 1130 988 1181 terrae
1005 1115 1176 1200 pratensis,
1191 1138 1272 1179 xxx.
1291 1138 1372 1179 acrae
1387 1114 1552 1191 turbariae,
1566 1114 1623 1180 xI.
1643 1138 1751 1179 acrae

500 1228 597 1269 morae
614 1217 647 1269 et
662 1218 812 1288 pasturae,
834 1203 879 1266 lx.
904 1225 985 1266 acrae
1004 1203 1044 1264 de
1066 1201 1170 1266 ruble.
1195 1202 1272 1266 inde
1294 1214 1383 1266 tenet
1403 1200 1571 1265 Gilbertus
1593 1200 1748 1288 Walys

499 1292 554 1355 lvi.
587 1314 675 1355 acras
705 1292 740 1355 in
765 1289 892 1375 betagio
918 1300 1015 1373 prout
1034 1287 1156 1373 jacent,
1173 1288 1341 1352 reddendo
1361 1287 1490 1351 domino
1509 1309 1569 1371 per
1588 1310 1743 1352 annum

499 1378 614 1441 xxxvii
622 1402 646 1441 s.
659 1378 743 1441 iiiid.
783 1376 865 1439 Item
882 1399 941 1460 pro
955 1376 1111 1438 messione
1126 1374 1181 1438 iia.
1193 1374 1292 1454 iiiia,
1307 1374 1349 1438 ad
1364 1373 1481 1437 festum
1496 1374 1608 1438 Sancti
1623 1374 1742 1439 Petri

500 1464 589 1550 quod
609 1463 727 1527 ‹IIcitur
743 1462 782 1525 ad
800 1460 950 1527 Vincula.

545 1548 629 1612 Item
642 1549 747 1612 dictus
758 1547 926 1611 Gilbertus
937 1559 1026 1611 tenet
1035 1568 1133 1611 unam
1141 1545 1265 1630 peciam
1275 1558 1369 1611 terra
1382 1545 1586 1629 interipsum
1599 1558 1637 1611 et
1653 1558 1737 1611 ter·

500 1658 568 1699 ram
579 1633 916 1719 quondamWillielmi
924 1633 1108 1719 Olonghan,
1119 1656 1177 1716 pro
1190 1633 1256 1698 iiia.
1266 1632 1327 1708 id,
1337 1645 1371 1696 et
1382 1655 1442 1716 pro
1454 1632 1612 1695 messione
1624 1656 1682 1697 1111
1690 1635 1730 1697 d.

546 1720 630 1785 Item
652 1731 798 1784 tenentes
822 1732 979 1784 terrarum
1003 1718 1174 1783 willielmi
1197 1718 1381 1804 Olongham
1401 1719 1463 1784 via.
1484 1741 1542 1784 xx.
1563 1741 1729 1783 acrarum

501 1820 595 1873 terrae
611 1806 702 1872 xiiia.
718 1806 766 1871 iiii
773 1809 803 1870 d.
820 1828 877 1891 per
894 1830 1026 1883 annum,
1041 1818 1074 1869 et
1088 1828 1148 1889 pro
1172 1806 1328 1869 messione
1344 1807 1404 1869 xd.

546 1892 630 1958 Item
648 1906 796 1958 tenentes
817 1905 1073 1958 tenementorum
1089 1904 1123 1956 et
1137 1903 1294 1956 terrarum
1312 1889 1482 1954 Willielmi
1497 1889 1632 1976 Goygh,
1647 1890 1724 1957 viz.

503 2322 613 2407 apud.·
621 2371 758 2390 .......
761 2322 859 2408 juxta
877 2334 1098 2386 tenementum
1111 2345 1218 2398 suum,
1234 2345 1292 2406 per
1310 2323 1479 2387 servitium
1494 2322 1584 2387 xiiia.
1600 2322 1716 2400 viiia,

503 2422 537 2475 et
552 2408 655 2473 arabit
670 2408 800 2472 domiuo
817 2408 964 2492 quolibet
978 2430 1062 2472 anno
1077 2407 1099 2473 i.
1112 2431 1218 2473 acram
1232 2410 1267 2473 in
1283 2421 1383 2474 estate
1398 2408 1432 2474 ii.
1449 2410 1528 2487 dies,
1544 2410 1586 2473 ad
1600 2431 1714 2472 sarcu-

502 2494 636 2561 landum
660 2494 792 2558 bladum
814 2493 936 2559 domini
951 2495 986 2558 iu
1002 2507 1179 2578 autumpno
1194 2495 1228 2559 ii.
1245 2496 1325 2575 dies,
1339 2508 1371 2560 et
1386 2517 1420 2559 se
1435 2518 1501 2559 non
1516 2495 1714 2560 iutromittet

503 2582 545 2647 de
561 2604 650 2646 mora
665 2603 738 2667 quae
749 2580 836 2667 jacet
846 2580 943 2667 juxta
956 2604 1079 2645 moram
1095 2604 1196 2649 suam.

548 2669 634 2733 Item
650 2667 809 2732 Ricardus
827 2666 972 2753 Pussagh
986 2680 1075 2734 tenet
1088 2668 1109 2731 i.
1126 2667 1300 2753 cotagium,
1315 2690 1374 2752 per
1390 2691 1522 2747 annum,
1536 2668 1603 2733 vid.

548 2755 716 2822 GalIritIus
732 2754 804 2821 Cod
819 2766 909 2820 tenet
926 2755 1025 2820 alium
1041 2754 1214 2840 cutagium‚
1229 2778 1288 2839 per
1303 2778 1435 2833 annum,
1449 2756 1535 2820 xiid.

514 2852 517 2861 ’
547 2842 672 2908 'I'homa
693 2842 809 2929 Oduyr
824 2842 950 2909 teneti.
966 2843 1138 2928 cotagium,
1152 2864 1211 2925 per
1226 2864 1358 2920 aunum,
1373 2842 1443 2907 vid.

548 2928 722 2994 O'Lorkan
744 2929 876 2994 teneti.
900 2930 1074 3016 cotagium,
1095 2930 1167 2994 vid.

546 3012 651 3079 Lucas
677 3014 793 3099 Lowys
817 3026 905 3081 tenet
927 3016 948 3081 i.
972 3016 1145 3101 cotagium,
1166 3014 1239 3080 vid.

546 3098 733 3183 Phillippus
756 3100 860 3184 Barry
883 3114 972 3166 tenet
993 3102 1014 3166 i.
1038 3104 1212 3187 cotagium,
1234 3098 1306 3165 vid.

546 3182 653 3247 Adam
679 3184 777 3267 Gogh
801 3187 933 3249 teneti.
957 3186 1129 3271 cotagium,
1151 3186 1222 3250 vid.

547 3268 656 3333 David
681 3268 805 3354 OBryn
827 3282 916 3333 tenet
938 3272 960 3334 i.
983 3272 1156 3355 cotagium,
1178 3272 1249 3337 vid.

547 3354 658 3420 David
680 3353 779 3439 Offyn
802 3366 891 3420 tenet
913 3356 934 3421 i.
958 3358 1133 3443 cetagium‚
1154 3357 1226 3422 vid.

546 3442 568 3506 J
570 3441 712 3505 ohannes
735 3440 879 3527 OKynel
901 3455 989 3508 tenet
1012 3443 1035 3510 i.
1058 3444 1233 3529 cotagium,
1254 3444 1327 3509 iiid.

546 3529 667 3594 Omnes
682 3528 736 3593 isti
747 3542 823 3594 sunt
839 3529 1022 3614 piscatores,
1031 3542 1065 3596 et
1079 3531 1201 3596 debent
1215 3534 1335 3596 servire
1351 3530 1481 3597 domiuo
1498 3532 1539 3597 de
1554 3532 1708 3617 piscibus,

502 3628 535 3681 et
554 3617 615 3681 hoc
631 3617 720 3702 quod
738 3616 822 3681 valet
838 3617 923 3683 xiid.
940 3618 1090 3682 dominus
1106 3618 1236 3683 habebit
1258 3640 1317 3702 pro
1332 3618 1429 3683 viiid.
1475 3620 1519 3684 Et
1530 3618 1565 3683 in
1581 3620 1709 3705 seysIna

502 3703 634 3787 quando
650 3704 822 3788 capiuntur
842 3703 953 3789 Ianges
969 3705 1118 3769 dominus
1134 3705 1265 3769 habebit
1280 3704 1301 3769 i.
1319 3726 1377 3789 pro
1391 3705 1465 3785 iid„
1487 3728 1590 3770 unum
1606 3706 1708 3771 mule·

502 3788 577 3852 well
593 3812 651 3872 pro
666 3790 714 3853 id.
731 3790 838 3866 obolo,
852 3790 898 3854 iii.
917 3791 1083 3855 haddokes
1098 3814 1158 3875 pro
1173 3792 1222 3856 id.
1268 3790 1312 3855 Et
1327 3791 1477 3857 domiuus
1492 3816 1559 3856 non
1575 3792 1708 3858 deberet

502 3896 618 3959 capere
634 3875 695 3937 nisi
712 3876 772 3940 hoc
788 3878 877 3960 quod
892 3876 1029 3943 sufficiet
1043 3877 1106 3942 sibi
1120 3892 1154 3941 et
1168 3878 1319 3961 expensis
1336 3878 1461 3942 domus.
1502 3879 1547 3943 Et
1561 3879 1709 3945 similiter

503 3961 582 4025 dicti
611 3960 785 4043 piscatores
815 3962 934 4027 sacient
959 3976 1089 4048 pratum
1118 3964 1254 4043 domini,
1283 3976 1412 4029 vertent
1435 3977 1468 4029 et
1498 3965 1653 4051 colligent
1676 3978 1709 4031 et

502 4048 634 4114 bladum
648 4048 770 4111 domini
784 4049 1004 4130 sarculabunt,
1014 4062 1046 4115 et
1056 4049 1176 4114 sacient
1188 4051 1346 4116 turbarias
1358 4050 1492 4130 domini,
1501 4051 1554 4116 vel
1569 4051 1710 4138 quilibet

503 4157 615 4199 eorum
632 4133 721 4198 dabit
736 4134 866 4198 domino
881 4136 964 4213 iiie,
990 4148 1023 4201 et
1038 4159 1097 4220 pro
1111 4136 1257 4222 qualibet
1271 4159 1369 4202 vacca
1383 4160 1496 4204 eorum
1511 4161 1571 4223 per
1586 4162 1708 4205 anuum

502 4221 584 4300 iiia,
600 4233 633 4285 et
647 4221 690 4284 vi·
707 4244 782 4285 oves
797 4242 857 4305 pro
873 4244 971 4287 vacca
986 4222 1108 4289 dabunt
1125 4236 1261 4289 tautum.

548 4308 592 4373 Et
614 4308 700 4372 ultra
722 4307 785 4372 hoc
809 4322 977 4374 remanent
1000 4310 1034 4374 in
1060 4333 1158 4374 manu
1182 4308 1350 4377 dominii.
1378 4322 1527 4376 carucata
1551 4322 1646 4378 terre
1674 4325 1707 4378 et

504 4393 648 4469 dimidia,
663 4416 722 4459 sex
737 4417 817 4460 acrae
842 4406 875 4459 et
899 4395 1032 4461 dimidia
1055 4396 1152 4480 prati,
1167 4418 1247 4463 xxx.
1273 4416 1354 4464 acrae
1373 4396 1536 4477 turbariae,
1560 4400 1606 4463 xl.
1625 4421 1706 4463 acrae

503 4501 612 4558 morae,
627 4479 673 4545 lx.
690 4502 771 4545 acrae
786 4480 892 4547 ruble.
