<?xml version="1.0" encoding="UTF-8"?>
<!DOCTYPE html PUBLIC "-//W3C//DTD XHTML 1.0 Transitional//EN"
    "http://www.w3.org/TR/xhtml1/DTD/xhtml1-transitional.dtd">
<html xmlns="http://www.w3.org/1999/xhtml" xml:lang="en" lang="en">
 <head>
  <title>
</title>
<meta http-equiv="Content-Type" content="text/html;charset=utf-8" />
  <meta name='ocr-system' content='tesseract 3.04.00' />
  <meta name='ocr-capabilities' content='ocr_page ocr_carea ocr_par ocr_line ocrx_word'/>
</head>
<body>
  <div class='ocr_page' id='page_1' title='image "./rotuluspipaeclo00diocgoog_0069.png"; bbox 0 0 3825 5059; ppageno 0'>
   <div class='ocr_carea' id='block_1_1' title="bbox 773 434 820 505">
    <p class='ocr_par' dir='ltr' id='par_1_1' title="bbox 773 434 820 505">
     <span class='ocr_line' id='line_1_1' title="bbox 773 434 820 505; baseline 0 0"><span class='ocrx_word' id='word_1_1' title='bbox 773 434 820 505; x_wconf 77' lang='lat' dir='ltr'>tt</span> 
     </span>
    </p>
   </div>
   <div class='ocr_carea' id='block_1_2' title="bbox 183 618 1398 2247">
    <p class='ocr_par' dir='ltr' id='par_1_2' title="bbox 183 618 1398 2247">
     <span class='ocr_line' id='line_1_2' title="bbox 185 618 1397 705; baseline 0.003 -20"><span class='ocrx_word' id='word_1_2' title='bbox 185 620 376 687; x_wconf 87' lang='lat' dir='ltr'>Ohanneda</span> <span class='ocrx_word' id='word_1_3' title='bbox 390 621 425 687; x_wconf 92' lang='lat' dir='ltr'>in</span> <span class='ocrx_word' id='word_1_4' title='bbox 439 621 517 687; x_wconf 74' lang='lat' dir='ltr'>villa</span> <span class='ocrx_word' id='word_1_5' title='bbox 532 621 574 687; x_wconf 93' lang='lat' dir='ltr'>de</span> <span class='ocrx_word' id='word_1_6' title='bbox 589 620 722 697; x_wconf 88' lang='lat' dir='ltr'>Clenor,</span> <span class='ocrx_word' id='word_1_7' title='bbox 734 642 836 705; x_wconf 87' lang='lat' dir='ltr'>usqne</span> <span class='ocrx_word' id='word_1_8' title='bbox 852 620 893 683; x_wconf 88' lang='lat' dir='ltr'>ud</span> <span class='ocrx_word' id='word_1_9' title='bbox 908 618 1005 683; x_wconf 85' lang='lat' dir='ltr'>finem</span> <span class='ocrx_word' id='word_1_10' title='bbox 1018 618 1064 683; x_wconf 84' lang='lat' dir='ltr'>lx.</span> <span class='ocrx_word' id='word_1_11' title='bbox 1078 640 1235 684; x_wconf 87' lang='lat' dir='ltr'>annornm</span> <span class='ocrx_word' id='word_1_12' title='bbox 1250 619 1397 705; x_wconf 75' lang='lat' dir='ltr'><strong>plenarie</strong></span> 
     </span>
     <span class='ocr_line' id='line_1_3' title="bbox 184 704 1396 791; baseline 0.002 -20"><span class='ocrx_word' id='word_1_13' title='bbox 184 707 440 791; x_wconf 89' lang='lat' dir='ltr'>completorum,</span> <span class='ocrx_word' id='word_1_14' title='bbox 464 706 602 773; x_wconf 89' lang='lat' dir='ltr'>termino</span> <span class='ocrx_word' id='word_1_15' title='bbox 625 704 800 789; x_wconf 81' lang='lat' dir='ltr'>incipiente</span> <span class='ocrx_word' id='word_1_16' title='bbox 817 705 859 769; x_wconf 93' lang='lat' dir='ltr'>ad</span> <span class='ocrx_word' id='word_1_17' title='bbox 882 704 1001 769; x_wconf 83' lang='lat' dir='ltr'>festum</span> <span class='ocrx_word' id='word_1_18' title='bbox 1024 704 1133 769; x_wconf 82' lang='lat' dir='ltr'>Sancti</span> <span class='ocrx_word' id='word_1_19' title='bbox 1158 704 1290 771; x_wconf 87' lang='lat' dir='ltr'>Patricii</span> <span class='ocrx_word' id='word_1_20' title='bbox 1311 730 1396 775; x_wconf 89' lang='lat' dir='ltr'>anno</span> 
     </span>
     <span class='ocr_line' id='line_1_4' title="bbox 183 790 1396 876; baseline 0.003 -19"><span class='ocrx_word' id='word_1_21' title='bbox 183 792 332 857; x_wconf 88' lang='lat' dir='ltr'>Domini</span> <span class='ocrx_word' id='word_1_22' title='bbox 344 794 512 858; x_wconf 88' lang='lat' dir='ltr'>millesimo</span> <span class='ocrx_word' id='word_1_23' title='bbox 526 814 573 858; x_wconf 91' lang='lat' dir='ltr'>cc.</span> <span class='ocrx_word' id='word_1_24' title='bbox 588 791 809 876; x_wconf 89' lang='lat' dir='ltr'>nonogesimo,</span> <span class='ocrx_word' id='word_1_25' title='bbox 824 790 962 854; x_wconf 81' lang='lat' dir='ltr'>durante</span> <span class='ocrx_word' id='word_1_26' title='bbox 981 812 1086 875; x_wconf 89' lang='lat' dir='ltr'>usque</span> <span class='ocrx_word' id='word_1_27' title='bbox 1104 790 1146 854; x_wconf 92' lang='lat' dir='ltr'>ad</span> <span class='ocrx_word' id='word_1_28' title='bbox 1159 791 1396 861; x_wconf 85' lang='lat' dir='ltr'>revolutionem</span> 
     </span>
     <span class='ocr_line' id='line_1_5' title="bbox 183 873 1396 961; baseline 0.005 -20"><span class='ocrx_word' id='word_1_29' title='bbox 183 879 415 961; x_wconf 88' lang='lat' dir='ltr'>predictorum</span> <span class='ocrx_word' id='word_1_30' title='bbox 438 879 483 941; x_wconf 87' lang='lat' dir='ltr'>lx.</span> <span class='ocrx_word' id='word_1_31' title='bbox 508 899 685 951; x_wconf 81' lang='lat' dir='ltr'>annorum3</span> <span class='ocrx_word' id='word_1_32' title='bbox 713 876 898 941; x_wconf 92' lang='lat' dir='ltr'>habendum</span> <span class='ocrx_word' id='word_1_33' title='bbox 923 888 957 939; x_wconf 95' lang='lat' dir='ltr'>et</span> <span class='ocrx_word' id='word_1_34' title='bbox 980 873 1157 939; x_wconf 87' lang='lat' dir='ltr'>tenendum</span> <span class='ocrx_word' id='word_1_35' title='bbox 1182 876 1222 940; x_wconf 91' lang='lat' dir='ltr'>de</span> <span class='ocrx_word' id='word_1_36' title='bbox 1246 878 1339 944; x_wconf 93' lang='lat' dir='ltr'>nobis</span> <span class='ocrx_word' id='word_1_37' title='bbox 1363 895 1396 947; x_wconf 90' lang='lat' dir='ltr'>et</span> 
     </span>
     <span class='ocr_line' id='line_1_6' title="bbox 184 959 1395 1044; baseline 0.006 -19"><span class='ocrx_word' id='word_1_38' title='bbox 184 965 430 1029; x_wconf 88' lang='lat' dir='ltr'>successoribus</span> <span class='ocrx_word' id='word_1_39' title='bbox 444 964 564 1029; x_wconf 89' lang='lat' dir='ltr'>nostris</span> <span class='ocrx_word' id='word_1_40' title='bbox 587 962 648 1026; x_wconf 92' lang='lat' dir='ltr'>sibi</span> <span class='ocrx_word' id='word_1_41' title='bbox 672 972 705 1026; x_wconf 87' lang='lat' dir='ltr'>et</span> <span class='ocrx_word' id='word_1_42' title='bbox 728 961 903 1026; x_wconf 78' lang='lat' dir='ltr'>heredibus</span> <span class='ocrx_word' id='word_1_43' title='bbox 927 961 1006 1036; x_wconf 90' lang='lat' dir='ltr'>suis,</span> <span class='ocrx_word' id='word_1_44' title='bbox 1020 959 1103 1025; x_wconf 86' lang='lat' dir='ltr'>bene</span> <span class='ocrx_word' id='word_1_45' title='bbox 1119 971 1152 1025; x_wconf 84' lang='lat' dir='ltr'>et</span> <span class='ocrx_word' id='word_1_46' title='bbox 1165 962 1199 1025; x_wconf 90' lang='lat' dir='ltr'>in</span> <span class='ocrx_word' id='word_1_47' title='bbox 1215 983 1306 1044; x_wconf 87' lang='lat' dir='ltr'>pace,</span> <span class='ocrx_word' id='word_1_48' title='bbox 1321 988 1395 1032; x_wconf 91' lang='lat' dir='ltr'>cum</span> 
     </span>
     <span class='ocr_line' id='line_1_7' title="bbox 183 1045 1395 1129; baseline 0.005 -18"><span class='ocrx_word' id='word_1_49' title='bbox 183 1050 344 1114; x_wconf 85' lang='lat' dir='ltr'>omnibus</span> <span class='ocrx_word' id='word_1_50' title='bbox 363 1050 567 1115; x_wconf 83' lang='lat' dir='ltr'>libertatibus</span> <span class='ocrx_word' id='word_1_51' title='bbox 586 1060 619 1112; x_wconf 90' lang='lat' dir='ltr'>et</span> <span class='ocrx_word' id='word_1_52' title='bbox 640 1046 752 1113; x_wconf 88' lang='lat' dir='ltr'>liberis</span> <span class='ocrx_word' id='word_1_53' title='bbox 776 1045 1064 1112; x_wconf 88' lang='lat' dir='ltr'>consuetudinibus</span> <span class='ocrx_word' id='word_1_54' title='bbox 1082 1046 1123 1110; x_wconf 91' lang='lat' dir='ltr'>ad</span> <span class='ocrx_word' id='word_1_55' title='bbox 1140 1047 1319 1129; x_wconf 82' lang='lat' dir='ltr'>predictam</span> <span class='ocrx_word' id='word_1_56' title='bbox 1330 1064 1395 1117; x_wconf 91' lang='lat' dir='ltr'>ter·</span> 
     </span>
     <span class='ocr_line' id='line_1_8' title="bbox 184 1132 1395 1219; baseline 0.003 -21"><span class='ocrx_word' id='word_1_57' title='bbox 184 1156 259 1198; x_wconf 87' lang='lat' dir='ltr'>ram</span> <span class='ocrx_word' id='word_1_58' title='bbox 283 1136 503 1219; x_wconf 76' lang='lat' dir='ltr'>spectantibus</span> <span class='ocrx_word' id='word_1_59' title='bbox 515 1160 525 1213; x_wconf 71' lang='grc' dir='ltr'><strong><em>ς</em></strong></span> <span class='ocrx_word' id='word_1_60' title='bbox 552 1134 719 1198; x_wconf 91' lang='lat' dir='ltr'>reddendo</span> <span class='ocrx_word' id='word_1_61' title='bbox 743 1133 820 1198; x_wconf 90' lang='lat' dir='ltr'>inde</span> <span class='ocrx_word' id='word_1_62' title='bbox 842 1132 935 1197; x_wconf 92' lang='lat' dir='ltr'>nobis</span> <span class='ocrx_word' id='word_1_63' title='bbox 958 1144 992 1196; x_wconf 87' lang='lat' dir='ltr'>et</span> <span class='ocrx_word' id='word_1_64' title='bbox 1016 1132 1255 1197; x_wconf 88' lang='lat' dir='ltr'>successoribus</span> <span class='ocrx_word' id='word_1_65' title='bbox 1277 1138 1395 1203; x_wconf 91' lang='lat' dir='ltr'>nostris</span> 
     </span>
     <span class='ocr_line' id='line_1_9' title="bbox 183 1216 1395 1302; baseline 0.005 -21"><span class='ocrx_word' id='word_1_66' title='bbox 183 1241 269 1285; x_wconf 79' lang='lat' dir='ltr'>xxa.</span> <span class='ocrx_word' id='word_1_67' title='bbox 291 1222 332 1284; x_wconf 88' lang='lat' dir='ltr'>ad</span> <span class='ocrx_word' id='word_1_68' title='bbox 348 1220 501 1285; x_wconf 89' lang='lat' dir='ltr'>terminos</span> <span class='ocrx_word' id='word_1_69' title='bbox 516 1218 687 1285; x_wconf 78' lang='lat' dir='ltr'>Michaelis</span> <span class='ocrx_word' id='word_1_70' title='bbox 703 1231 736 1283; x_wconf 90' lang='lat' dir='ltr'>et</span> <span class='ocrx_word' id='word_1_71' title='bbox 751 1218 902 1296; x_wconf 87' lang='lat' dir='ltr'>Paschae;</span> <span class='ocrx_word' id='word_1_72' title='bbox 926 1240 986 1302; x_wconf 90' lang='lat' dir='ltr'>pro</span> <span class='ocrx_word' id='word_1_73' title='bbox 1002 1217 1089 1281; x_wconf 92' lang='lat' dir='ltr'>omni</span> <span class='ocrx_word' id='word_1_74' title='bbox 1107 1216 1251 1282; x_wconf 88' lang='lat' dir='ltr'>seculare</span> <span class='ocrx_word' id='word_1_75' title='bbox 1269 1220 1395 1287; x_wconf 87' lang='lat' dir='ltr'>actione</span> 
     </span>
     <span class='ocr_line' id='line_1_10' title="bbox 189 1302 1398 1387; baseline 0.005 -20"><span class='ocrx_word' id='word_1_76' title='bbox 189 1316 224 1367; x_wconf 88' lang='lat' dir='ltr'>et</span> <span class='ocrx_word' id='word_1_77' title='bbox 248 1306 423 1385; x_wconf 88' lang='lat' dir='ltr'>demanda,</span> <span class='ocrx_word' id='word_1_78' title='bbox 444 1306 486 1369; x_wconf 88' lang='lat' dir='ltr'>ad</span> <span class='ocrx_word' id='word_1_79' title='bbox 505 1328 563 1369; x_wconf 91' lang='lat' dir='ltr'>nos</span> <span class='ocrx_word' id='word_1_80' title='bbox 584 1315 617 1370; x_wconf 90' lang='lat' dir='ltr'>ct</span> <span class='ocrx_word' id='word_1_81' title='bbox 637 1326 835 1370; x_wconf 87' lang='lat' dir='ltr'>successores</span> <span class='ocrx_word' id='word_1_82' title='bbox 860 1315 984 1369; x_wconf 89' lang='lat' dir='ltr'>nostros</span> <span class='ocrx_word' id='word_1_83' title='bbox 1008 1302 1256 1387; x_wconf 91' lang='lat' dir='ltr'>pertinentibus.</span> <span class='ocrx_word' id='word_1_84' title='bbox 1301 1304 1398 1373; x_wconf 86' lang='lat' dir='ltr'>Salva</span> 
     </span>
     <span class='ocr_line' id='line_1_11' title="bbox 185 1388 1396 1473; baseline 0.004 -21"><span class='ocrx_word' id='word_1_85' title='bbox 185 1390 290 1455; x_wconf 89' lang='lat' dir='ltr'>nobis</span> <span class='ocrx_word' id='word_1_86' title='bbox 314 1403 348 1456; x_wconf 91' lang='lat' dir='ltr'>et</span> <span class='ocrx_word' id='word_1_87' title='bbox 370 1391 607 1456; x_wconf 89' lang='lat' dir='ltr'>successoribus</span> <span class='ocrx_word' id='word_1_88' title='bbox 633 1390 751 1455; x_wconf 85' lang='lat' dir='ltr'>nostris</span> <span class='ocrx_word' id='word_1_89' title='bbox 776 1401 863 1455; x_wconf 89' lang='lat' dir='ltr'>secta</span> <span class='ocrx_word' id='word_1_90' title='bbox 886 1389 985 1454; x_wconf 79' lang='lat' dir='ltr'>curia</span> <span class='ocrx_word' id='word_1_91' title='bbox 1009 1401 1126 1453; x_wconf 75' lang='lat' dir='ltr'>nostra</span> <span class='ocrx_word' id='word_1_92' title='bbox 1151 1389 1191 1452; x_wconf 92' lang='lat' dir='ltr'>de</span> <span class='ocrx_word' id='word_1_93' title='bbox 1214 1389 1250 1453; x_wconf 90' lang='lat' dir='ltr'><strong>K</strong></span> <span class='ocrx_word' id='word_1_94' title='bbox 1273 1388 1396 1473; x_wconf 90' lang='lat' dir='ltr'>llenon,</span> 
     </span>
     <span class='ocr_line' id='line_1_12' title="bbox 186 1414 1395 1564; baseline 0.002 -25"><span class='ocrx_word' id='word_1_95' title='bbox 186 1487 222 1539; x_wconf 89' lang='lat' dir='ltr'>et</span> <span class='ocrx_word' id='word_1_96' title='bbox 250 1476 462 1561; x_wconf 83' lang='lat' dir='ltr'>responsione</span> <span class='ocrx_word' id='word_1_97' title='bbox 484 1488 517 1542; x_wconf 91' lang='lat' dir='ltr'>et</span> <span class='ocrx_word' id='word_1_98' title='bbox 539 1474 752 1541; x_wconf 78' lang='lat' dir='ltr'>satisfactione</span> <span class='ocrx_word' id='word_1_99' title='bbox 775 1497 834 1560; x_wconf 89' lang='lat' dir='ltr'>pro</span> <span class='ocrx_word' id='word_1_100' title='bbox 857 1474 1163 1561; x_wconf 79' lang='lat' dir='ltr'>transgressionibus</span> <span class='ocrx_word' id='word_1_101' title='bbox 1187 1475 1221 1539; x_wconf 93' lang='lat' dir='ltr'>in</span> <span class='ocrx_word' id='word_1_102' title='bbox 1245 1414 1395 1564; x_wconf 63' lang='lat' dir='ltr'>dermoy.</span> 
     </span>
     <span class='ocr_line' id='line_1_13' title="bbox 186 1558 1396 1648; baseline 0.004 -25"><span class='ocrx_word' id='word_1_103' title='bbox 186 1558 266 1625; x_wconf 82' lang='lat' dir='ltr'>Nos</span> <span class='ocrx_word' id='word_1_104' title='bbox 291 1585 369 1627; x_wconf 87' lang='lat' dir='ltr'>vero</span> <span class='ocrx_word' id='word_1_105' title='bbox 391 1562 556 1647; x_wconf 89' lang='lat' dir='ltr'>predictus</span> <span class='ocrx_word' id='word_1_106' title='bbox 575 1561 676 1626; x_wconf 83' lang='lat' dir='ltr'>frater</span> <span class='ocrx_word' id='word_1_107' title='bbox 699 1560 879 1627; x_wconf 89' lang='lat' dir='ltr'>Nicholaus</span> <span class='ocrx_word' id='word_1_108' title='bbox 906 1572 939 1624; x_wconf 90' lang='lat' dir='ltr'>et</span> <span class='ocrx_word' id='word_1_109' title='bbox 962 1582 1161 1625; x_wconf 90' lang='lat' dir='ltr'>successores</span> <span class='ocrx_word' id='word_1_110' title='bbox 1183 1562 1298 1642; x_wconf 88' lang='lat' dir='ltr'>nostri,</span> <span class='ocrx_word' id='word_1_111' title='bbox 1321 1586 1396 1648; x_wconf 90' lang='lat' dir='ltr'>pre-</span> 
     </span>
     <span class='ocr_line' id='line_1_14' title="bbox 186 1646 1396 1733; baseline 0.004 -23"><span class='ocrx_word' id='word_1_112' title='bbox 186 1646 282 1711; x_wconf 87' lang='lat' dir='ltr'>dicto</span> <span class='ocrx_word' id='word_1_113' title='bbox 306 1648 436 1714; x_wconf 91' lang='lat' dir='ltr'>domino</span> <span class='ocrx_word' id='word_1_114' title='bbox 457 1648 496 1711; x_wconf 76' lang='lat' dir='ltr'>T.</span> <span class='ocrx_word' id='word_1_115' title='bbox 518 1659 551 1712; x_wconf 88' lang='lat' dir='ltr'>et</span> <span class='ocrx_word' id='word_1_116' title='bbox 573 1646 751 1712; x_wconf 88' lang='lat' dir='ltr'>heredibus</span> <span class='ocrx_word' id='word_1_117' title='bbox 775 1648 842 1712; x_wconf 89' lang='lat' dir='ltr'>suis</span> <span class='ocrx_word' id='word_1_118' title='bbox 866 1646 1045 1730; x_wconf 83' lang='lat' dir='ltr'>predictam</span> <span class='ocrx_word' id='word_1_119' title='bbox 1064 1658 1184 1711; x_wconf 90' lang='lat' dir='ltr'>terram</span> <span class='ocrx_word' id='word_1_120' title='bbox 1201 1669 1275 1712; x_wconf 90' lang='lat' dir='ltr'>cum</span> <span class='ocrx_word' id='word_1_121' title='bbox 1294 1651 1396 1733; x_wconf 90' lang='lat' dir='ltr'>perti·</span> 
     </span>
     <span class='ocr_line' id='line_1_15' title="bbox 187 1731 1395 1817; baseline 0.006 -23"><span class='ocrx_word' id='word_1_122' title='bbox 187 1731 326 1809; x_wconf 79' lang='lat' dir='ltr'>nuntiis,</span> <span class='ocrx_word' id='word_1_123' title='bbox 356 1755 416 1817; x_wconf 88' lang='lat' dir='ltr'>pro</span> <span class='ocrx_word' id='word_1_124' title='bbox 445 1734 592 1817; x_wconf 88' lang='lat' dir='ltr'>predicto</span> <span class='ocrx_word' id='word_1_125' title='bbox 622 1732 754 1798; x_wconf 89' lang='lat' dir='ltr'>redditu</span> <span class='ocrx_word' id='word_1_126' title='bbox 781 1744 819 1797; x_wconf 90' lang='lat' dir='ltr'>nt</span> <span class='ocrx_word' id='word_1_127' title='bbox 848 1732 1032 1815; x_wconf 90' lang='lat' dir='ltr'>predictum</span> <span class='ocrx_word' id='word_1_128' title='bbox 1060 1744 1121 1811; x_wconf 90' lang='lat' dir='ltr'>est,</span> <span class='ocrx_word' id='word_1_129' title='bbox 1148 1743 1259 1797; x_wconf 90' lang='lat' dir='ltr'>contra</span> <span class='ocrx_word' id='word_1_130' title='bbox 1284 1757 1395 1801; x_wconf 84' lang='lat' dir='ltr'>omnes</span> 
     </span>
     <span class='ocr_line' id='line_1_16' title="bbox 185 1816 1396 1903; baseline 0.003 -22"><span class='ocrx_word' id='word_1_131' title='bbox 185 1831 318 1901; x_wconf 83' lang='lat' dir='ltr'>gentes,</span> <span class='ocrx_word' id='word_1_132' title='bbox 333 1818 470 1883; x_wconf 89' lang='lat' dir='ltr'>termino</span> <span class='ocrx_word' id='word_1_133' title='bbox 494 1819 643 1895; x_wconf 83' lang='lat' dir='ltr'>durante,</span> <span class='ocrx_word' id='word_1_134' title='bbox 662 1816 950 1883; x_wconf 85' lang='lat' dir='ltr'>warantizabimus.</span> <span class='ocrx_word' id='word_1_135' title='bbox 1003 1816 1045 1882; x_wconf 91' lang='lat' dir='ltr'>In</span> <span class='ocrx_word' id='word_1_136' title='bbox 1069 1816 1162 1903; x_wconf 91' lang='lat' dir='ltr'>cujus</span> <span class='ocrx_word' id='word_1_137' title='bbox 1184 1818 1233 1881; x_wconf 91' lang='lat' dir='ltr'>rei</span> <span class='ocrx_word' id='word_1_138' title='bbox 1253 1820 1396 1885; x_wconf 84' lang='lat' dir='ltr'>testimo-</span> 
     </span>
     <span class='ocr_line' id='line_1_17' title="bbox 187 1902 1395 1989; baseline 0.004 -24"><span class='ocrx_word' id='word_1_139' title='bbox 187 1903 296 1981; x_wconf 88' lang='lat' dir='ltr'>ninm,</span> <span class='ocrx_word' id='word_1_140' title='bbox 326 1904 446 1989; x_wconf 88' lang='lat' dir='ltr'>scripto</span> <span class='ocrx_word' id='word_1_141' title='bbox 476 1904 518 1968; x_wconf 87' lang='lat' dir='ltr'>ad</span> <span class='ocrx_word' id='word_1_142' title='bbox 546 1905 679 1969; x_wconf 90' lang='lat' dir='ltr'>modum</span> <span class='ocrx_word' id='word_1_143' title='bbox 714 1902 921 1989; x_wconf 87' lang='lat' dir='ltr'>chirographi</span> <span class='ocrx_word' id='word_1_144' title='bbox 958 1902 1117 1981; x_wconf 82' lang='lat' dir='ltr'>conlecto,</span> <span class='ocrx_word' id='word_1_145' title='bbox 1146 1902 1226 1967; x_wconf 89' lang='lat' dir='ltr'>alter</span> <span class='ocrx_word' id='word_1_146' title='bbox 1264 1904 1395 1970; x_wconf 89' lang='lat' dir='ltr'>alterius</span> 
     </span>
     <span class='ocr_line' id='line_1_18' title="bbox 186 1987 1396 2074; baseline 0.003 -23"><span class='ocrx_word' id='word_1_147' title='bbox 186 1988 339 2073; x_wconf 88' lang='lat' dir='ltr'>sigillum</span> <span class='ocrx_word' id='word_1_148' title='bbox 356 2011 450 2054; x_wconf 88' lang='lat' dir='ltr'>sunm</span> <span class='ocrx_word' id='word_1_149' title='bbox 465 1989 625 2074; x_wconf 87' lang='lat' dir='ltr'>apposuit.</span> <span class='ocrx_word' id='word_1_150' title='bbox 671 1988 822 2054; x_wconf 85' lang='lat' dir='ltr'>Testibus</span> <span class='ocrx_word' id='word_1_151' title='bbox 840 1988 970 2054; x_wconf 89' lang='lat' dir='ltr'>domino</span> <span class='ocrx_word' id='word_1_152' title='bbox 986 1987 1114 2053; x_wconf 87' lang='lat' dir='ltr'>Davide</span> <span class='ocrx_word' id='word_1_153' title='bbox 1131 1987 1198 2053; x_wconf 90' lang='lat' dir='ltr'>filio</span> <span class='ocrx_word' id='word_1_154' title='bbox 1213 1988 1396 2055; x_wconf 82' lang='lat' dir='ltr'>Alexandri</span> 
     </span>
     <span class='ocr_line' id='line_1_19' title="bbox 187 2072 1394 2161; baseline 0.005 -26"><span class='ocrx_word' id='word_1_155' title='bbox 187 2072 231 2137; x_wconf 88' lang='lat' dir='ltr'>de</span> <span class='ocrx_word' id='word_1_156' title='bbox 263 2074 371 2161; x_wconf 83' lang='lat' dir='ltr'>Rupe,</span> <span class='ocrx_word' id='word_1_157' title='bbox 399 2075 553 2159; x_wconf 91' lang='lat' dir='ltr'>Philippo</span> <span class='ocrx_word' id='word_1_158' title='bbox 581 2075 621 2139; x_wconf 92' lang='lat' dir='ltr'>de</span> <span class='ocrx_word' id='word_1_159' title='bbox 649 2074 758 2159; x_wconf 90' lang='lat' dir='ltr'>Rupe,</span> <span class='ocrx_word' id='word_1_160' title='bbox 783 2074 926 2139; x_wconf 87' lang='lat' dir='ltr'>Roberto</span> <span class='ocrx_word' id='word_1_161' title='bbox 954 2073 1021 2139; x_wconf 89' lang='lat' dir='ltr'>filio</span> <span class='ocrx_word' id='word_1_162' title='bbox 1048 2073 1150 2153; x_wconf 92' lang='lat' dir='ltr'>Petri,</span> <span class='ocrx_word' id='word_1_163' title='bbox 1176 2073 1328 2139; x_wconf 85' lang='lat' dir='ltr'>Johanne</span> <span class='ocrx_word' id='word_1_164' title='bbox 1353 2076 1394 2141; x_wconf 92' lang='lat' dir='ltr'>de</span> 
     </span>
     <span class='ocr_line' id='line_1_20' title="bbox 187 2157 811 2247; baseline 0 -25"><span class='ocrx_word' id='word_1_165' title='bbox 187 2157 335 2247; x_wconf 88' lang='lat' dir='ltr'>Coursy,</span> <span class='ocrx_word' id='word_1_166' title='bbox 348 2160 504 2244; x_wconf 87' lang='lat' dir='ltr'>Philippo</span> <span class='ocrx_word' id='word_1_167' title='bbox 520 2160 668 2246; x_wconf 89' lang='lat' dir='ltr'>Magnel,</span> <span class='ocrx_word' id='word_1_168' title='bbox 684 2171 717 2224; x_wconf 89' lang='lat' dir='ltr'>et</span> <span class='ocrx_word' id='word_1_169' title='bbox 731 2160 811 2225; x_wconf 90' lang='lat' dir='ltr'>aliis.</span> 
     </span>
    </p>
   </div>
   <div class='ocr_carea' id='block_1_3' title="bbox 187 2329 1499 2503">
    <p class='ocr_par' dir='ltr' id='par_1_3' title="bbox 187 2329 1499 2503">
     <span class='ocr_line' id='line_1_21' title="bbox 232 2329 1499 2417; baseline 0 -21"><span class='ocrx_word' id='word_1_170' title='bbox 232 2330 296 2396; x_wconf 78' lang='lat' dir='ltr'>Ina</span> <span class='ocrx_word' id='word_1_171' title='bbox 312 2331 465 2398; x_wconf 88' lang='lat' dir='ltr'>convenit</span> <span class='ocrx_word' id='word_1_172' title='bbox 478 2332 563 2397; x_wconf 89' lang='lat' dir='ltr'>inter</span> <span class='ocrx_word' id='word_1_173' title='bbox 579 2330 750 2396; x_wconf 87' lang='lat' dir='ltr'>Danielem</span> <span class='ocrx_word' id='word_1_174' title='bbox 767 2330 868 2397; x_wconf 89' lang='lat' dir='ltr'>Clone</span> <span class='ocrx_word' id='word_1_175' title='bbox 889 2329 1088 2417; x_wconf 87' lang='lat' dir='ltr'>Episcopum</span> <span class='ocrx_word' id='word_1_176' title='bbox 1103 2355 1147 2397; x_wconf 87' lang='lat' dir='ltr'>ex</span> <span class='ocrx_word' id='word_1_177' title='bbox 1162 2354 1228 2397; x_wconf 89' lang='lat' dir='ltr'>nna</span> <span class='ocrx_word' id='word_1_178' title='bbox 1242 2344 1346 2417; x_wconf 89' lang='lat' dir='ltr'>parte,</span> <span class='ocrx_word' id='word_1_179' title='bbox 1361 2345 1394 2400; x_wconf 89' lang='lat' dir='ltr'>et</span> <span class='ocrx_word' id='word_1_180' title='bbox 1407 2345 1499 2397; x_wconf 76' lang='lat' dir='ltr'>Auos.</span> 
     </span>
     <span class='ocr_line' id='line_1_22' title="bbox 187 2413 1395 2503; baseline 0.005 -24"><span class='ocrx_word' id='word_1_181' title='bbox 187 2413 380 2482; x_wconf 88' lang='lat' dir='ltr'>Galfridum</span> <span class='ocrx_word' id='word_1_182' title='bbox 397 2417 438 2481; x_wconf 89' lang='lat' dir='ltr'>de</span> <span class='ocrx_word' id='word_1_183' title='bbox 455 2418 588 2501; x_wconf 84' lang='lat' dir='ltr'>Marrey</span> <span class='ocrx_word' id='word_1_184' title='bbox 607 2441 650 2482; x_wconf 85' lang='lat' dir='ltr'>ex</span> <span class='ocrx_word' id='word_1_185' title='bbox 665 2418 777 2496; x_wconf 89' lang='lat' dir='ltr'>altera,</span> <span class='ocrx_word' id='word_1_186' title='bbox 792 2418 844 2482; x_wconf 87' lang='lat' dir='ltr'>die</span> <span class='ocrx_word' id='word_1_187' title='bbox 860 2417 1002 2482; x_wconf 87' lang='lat' dir='ltr'>Veneris</span> <span class='ocrx_word' id='word_1_188' title='bbox 1020 2420 1168 2503; x_wconf 87' lang='lat' dir='ltr'>proximo</span> <span class='ocrx_word' id='word_1_189' title='bbox 1186 2429 1261 2502; x_wconf 90' lang='lat' dir='ltr'>post</span> <span class='ocrx_word' id='word_1_190' title='bbox 1275 2418 1395 2485; x_wconf 84' lang='lat' dir='ltr'>festum</span> 
     </span>
    </p>
   </div>
   <div class='ocr_carea' id='block_1_4' title="bbox 187 2498 1394 2909">
    <p class='ocr_par' dir='ltr' id='par_1_4' title="bbox 187 2498 1394 2909">
     <span class='ocr_line' id='line_1_23' title="bbox 188 2498 1393 2603; baseline 0.004 -39"><span class='ocrx_word' id='word_1_191' title='bbox 188 2498 304 2567; x_wconf 85' lang='lat' dir='ltr'>Sancti</span> <span class='ocrx_word' id='word_1_192' title='bbox 319 2502 415 2568; x_wconf 87' lang='lat' dir='ltr'>Lucae</span> <span class='ocrx_word' id='word_1_193' title='bbox 429 2502 645 2588; x_wconf 88' lang='lat' dir='ltr'>Evangelistae</span> <span class='ocrx_word' id='word_1_194' title='bbox 667 2526 750 2567; x_wconf 92' lang='lat' dir='ltr'>anno</span> <span class='ocrx_word' id='word_1_195' title='bbox 769 2504 854 2589; x_wconf 87' lang='lat' dir='ltr'>regis</span> <span class='ocrx_word' id='word_1_196' title='bbox 878 2504 900 2568; x_wconf 84' lang='lat' dir='ltr'><strong>J</strong></span> <span class='ocrx_word' id='word_1_197' title='bbox 902 2503 1037 2568; x_wconf 90' lang='lat' dir='ltr'>ohannis</span> <span class='ocrx_word' id='word_1_198' title='bbox 1051 2503 1155 2583; x_wconf 80' lang='lat' dir='ltr'>xviii,</span> <span class='ocrx_word' id='word_1_199' title='bbox 1170 2504 1259 2603; x_wconf 89' lang='lat' dir='ltr'>apud</span> <span class='ocrx_word' id='word_1_200' title='bbox 1273 2503 1393 2569; x_wconf 87' lang='lat' dir='ltr'>Adlec·</span> 
     </span>
     <span class='ocr_line' id='line_1_24' title="bbox 187 2584 1394 2673; baseline 0.001 -22"><span class='ocrx_word' id='word_1_201' title='bbox 187 2584 287 2668; x_wconf 85' lang='lat' dir='ltr'>kach,</span> <span class='ocrx_word' id='word_1_202' title='bbox 308 2610 405 2673; x_wconf 88' lang='lat' dir='ltr'>snper</span> <span class='ocrx_word' id='word_1_203' title='bbox 425 2590 569 2653; x_wconf 89' lang='lat' dir='ltr'>manerio</span> <span class='ocrx_word' id='word_1_204' title='bbox 593 2588 634 2652; x_wconf 91' lang='lat' dir='ltr'>de</span> <span class='ocrx_word' id='word_1_205' title='bbox 658 2589 763 2654; x_wconf 86' lang='lat' dir='ltr'>Acros</span> <span class='ocrx_word' id='word_1_206' title='bbox 787 2610 862 2652; x_wconf 90' lang='lat' dir='ltr'>cum</span> <span class='ocrx_word' id='word_1_207' title='bbox 878 2589 1105 2672; x_wconf 85' lang='lat' dir='ltr'>pertinentiis3</span> <span class='ocrx_word' id='word_1_208' title='bbox 1135 2589 1269 2668; x_wconf 78' lang='lat' dir='ltr'>scillcet,</span> <span class='ocrx_word' id='word_1_209' title='bbox 1294 2589 1394 2659; x_wconf 88' lang='lat' dir='ltr'>Quod</span> 
     </span>
     <span class='ocr_line' id='line_1_25' title="bbox 187 2673 1393 2758; baseline -0.001 -21"><span class='ocrx_word' id='word_1_210' title='bbox 187 2675 358 2755; x_wconf 88' lang='lat' dir='ltr'>predictus</span> <span class='ocrx_word' id='word_1_211' title='bbox 383 2673 424 2739; x_wconf 91' lang='lat' dir='ltr'>G.</span> <span class='ocrx_word' id='word_1_212' title='bbox 446 2675 563 2739; x_wconf 89' lang='lat' dir='ltr'>reddet</span> <span class='ocrx_word' id='word_1_213' title='bbox 586 2674 732 2758; x_wconf 88' lang='lat' dir='ltr'>predicto</span> <span class='ocrx_word' id='word_1_214' title='bbox 758 2674 934 2758; x_wconf 89' lang='lat' dir='ltr'>Episcopo,</span> <span class='ocrx_word' id='word_1_215' title='bbox 958 2696 1018 2757; x_wconf 88' lang='lat' dir='ltr'>pro</span> <span class='ocrx_word' id='word_1_216' title='bbox 1042 2674 1128 2739; x_wconf 93' lang='lat' dir='ltr'>dicto</span> <span class='ocrx_word' id='word_1_217' title='bbox 1151 2674 1294 2738; x_wconf 90' lang='lat' dir='ltr'>manerio</span> <span class='ocrx_word' id='word_1_218' title='bbox 1318 2696 1393 2737; x_wconf 89' lang='lat' dir='ltr'>cum</span> 
     </span>
     <span class='ocr_line' id='line_1_26' title="bbox 188 2758 1394 2909; baseline 0 -88"><span class='ocrx_word' id='word_1_219' title='bbox 188 2760 414 2839; x_wconf 88' lang='lat' dir='ltr'>pertinentiis:</span> <span class='ocrx_word' id='word_1_220' title='bbox 437 2772 470 2824; x_wconf 90' lang='lat' dir='ltr'>et</span> <span class='ocrx_word' id='word_1_221' title='bbox 493 2782 554 2909; x_wconf 66' lang='lat' dir='ltr'>ppo</span> <span class='ocrx_word' id='word_1_222' title='bbox 578 2759 639 2823; x_wconf 91' lang='lat' dir='ltr'>hac</span> <span class='ocrx_word' id='word_1_223' title='bbox 658 2760 806 2825; x_wconf 89' lang='lat' dir='ltr'>redditus</span> <span class='ocrx_word' id='word_1_224' title='bbox 827 2760 1040 2826; x_wconf 86' lang='lat' dir='ltr'>conventione</span> <span class='ocrx_word' id='word_1_225' title='bbox 1065 2760 1157 2824; x_wconf 92' lang='lat' dir='ltr'>dedit</span> <span class='ocrx_word' id='word_1_226' title='bbox 1180 2770 1213 2822; x_wconf 91' lang='lat' dir='ltr'>et</span> <span class='ocrx_word' id='word_1_227' title='bbox 1236 2758 1394 2822; x_wconf 89' lang='lat' dir='ltr'>concessit</span> 
     </span>
    </p>
   </div>
   <div class='ocr_carea' id='block_1_5' title="bbox 187 2841 1394 4385">
    <p class='ocr_par' dir='ltr' id='par_1_5' title="bbox 187 2841 1394 4385">
     <span class='ocr_line' id='line_1_27' title="bbox 188 2841 1394 2931; baseline 0 -24"><span class='ocrx_word' id='word_1_228' title='bbox 188 2846 339 2925; x_wconf 89' lang='lat' dir='ltr'>predicto</span> <span class='ocrx_word' id='word_1_229' title='bbox 355 2845 409 2923; x_wconf 92' lang='lat' dir='ltr'>G.,</span> <span class='ocrx_word' id='word_1_230' title='bbox 424 2867 484 2928; x_wconf 91' lang='lat' dir='ltr'>pro</span> <span class='ocrx_word' id='word_1_231' title='bbox 523 2846 648 2931; x_wconf 87' lang='lat' dir='ltr'>omagio</span> <span class='ocrx_word' id='word_1_232' title='bbox 672 2858 706 2910; x_wconf 92' lang='lat' dir='ltr'>et</span> <span class='ocrx_word' id='word_1_233' title='bbox 722 2846 866 2923; x_wconf 86' lang='lat' dir='ltr'>servitio,</span> <span class='ocrx_word' id='word_1_234' title='bbox 884 2844 1090 2909; x_wconf 89' lang='lat' dir='ltr'>medietatem</span> <span class='ocrx_word' id='word_1_235' title='bbox 1104 2841 1242 2925; x_wconf 89' lang='lat' dir='ltr'>predicti</span> <span class='ocrx_word' id='word_1_236' title='bbox 1257 2842 1394 2907; x_wconf 87' lang='lat' dir='ltr'>manerii</span> 
     </span>
     <span class='ocr_line' id='line_1_28' title="bbox 188 2926 1393 3015; baseline -0.002 -22"><span class='ocrx_word' id='word_1_237' title='bbox 188 2950 265 2995; x_wconf 90' lang='lat' dir='ltr'>cum</span> <span class='ocrx_word' id='word_1_238' title='bbox 283 2930 499 3015; x_wconf 88' lang='lat' dir='ltr'>pertinentiis,</span> <span class='ocrx_word' id='word_1_239' title='bbox 522 2931 702 2995; x_wconf 85' lang='lat' dir='ltr'>secundum</span> <span class='ocrx_word' id='word_1_240' title='bbox 725 2930 815 3015; x_wconf 92' lang='lat' dir='ltr'>quod</span> <span class='ocrx_word' id='word_1_241' title='bbox 839 2930 1008 3014; x_wconf 85' lang='lat' dir='ltr'>Meylerus</span> <span class='ocrx_word' id='word_1_242' title='bbox 1024 2926 1234 2992; x_wconf 89' lang='lat' dir='ltr'>Bermecham</span> <span class='ocrx_word' id='word_1_243' title='bbox 1250 2926 1303 2991; x_wconf 91' lang='lat' dir='ltr'>die</span> <span class='ocrx_word' id='word_1_244' title='bbox 1318 2947 1393 3009; x_wconf 89' lang='lat' dir='ltr'>pre·</span> 
     </span>
     <span class='ocr_line' id='line_1_29' title="bbox 189 3011 1393 3100; baseline 0.002 -23"><span class='ocrx_word' id='word_1_245' title='bbox 189 3016 291 3081; x_wconf 68' lang='lat' dir='ltr'>sends</span> <span class='ocrx_word' id='word_1_246' title='bbox 317 3016 555 3099; x_wconf 91' lang='lat' dir='ltr'>compositionis</span> <span class='ocrx_word' id='word_1_247' title='bbox 578 3016 693 3081; x_wconf 91' lang='lat' dir='ltr'>melius</span> <span class='ocrx_word' id='word_1_248' title='bbox 716 3028 749 3079; x_wconf 89' lang='lat' dir='ltr'>et</span> <span class='ocrx_word' id='word_1_249' title='bbox 772 3014 900 3100; x_wconf 89' lang='lat' dir='ltr'>plenius</span> <span class='ocrx_word' id='word_1_250' title='bbox 925 3036 996 3078; x_wconf 86' lang='lat' dir='ltr'>eam</span> <span class='ocrx_word' id='word_1_251' title='bbox 1019 3013 1136 3089; x_wconf 91' lang='lat' dir='ltr'>tenuit,</span> <span class='ocrx_word' id='word_1_252' title='bbox 1159 3011 1345 3077; x_wconf 90' lang='lat' dir='ltr'>habendum</span> <span class='ocrx_word' id='word_1_253' title='bbox 1360 3026 1393 3081; x_wconf 89' lang='lat' dir='ltr'>et</span> 
     </span>
     <span class='ocr_line' id='line_1_30' title="bbox 189 3098 1393 3184; baseline 0.001 -20"><span class='ocrx_word' id='word_1_254' title='bbox 189 3101 369 3166; x_wconf 88' lang='lat' dir='ltr'>tenendum</span> <span class='ocrx_word' id='word_1_255' title='bbox 383 3101 445 3166; x_wconf 89' lang='lat' dir='ltr'>sibi</span> <span class='ocrx_word' id='word_1_256' title='bbox 459 3113 491 3165; x_wconf 90' lang='lat' dir='ltr'>et</span> <span class='ocrx_word' id='word_1_257' title='bbox 505 3101 681 3167; x_wconf 88' lang='lat' dir='ltr'>heredibus</span> <span class='ocrx_word' id='word_1_258' title='bbox 697 3100 762 3166; x_wconf 91' lang='lat' dir='ltr'>suis</span> <span class='ocrx_word' id='word_1_259' title='bbox 778 3101 819 3164; x_wconf 93' lang='lat' dir='ltr'>dc</span> <span class='ocrx_word' id='word_1_260' title='bbox 834 3098 981 3183; x_wconf 86' lang='lat' dir='ltr'>predicto</span> <span class='ocrx_word' id='word_1_261' title='bbox 1005 3098 1167 3184; x_wconf 86' lang='lat' dir='ltr'>Episcopo</span> <span class='ocrx_word' id='word_1_262' title='bbox 1183 3111 1216 3163; x_wconf 90' lang='lat' dir='ltr'>et</span> <span class='ocrx_word' id='word_1_263' title='bbox 1230 3121 1393 3165; x_wconf 90' lang='lat' dir='ltr'>successo·</span> 
     </span>
     <span class='ocr_line' id='line_1_31' title="bbox 187 3184 1392 3271; baseline 0.003 -22"><span class='ocrx_word' id='word_1_264' title='bbox 187 3185 281 3253; x_wconf 89' lang='lat' dir='ltr'>ribus</span> <span class='ocrx_word' id='word_1_265' title='bbox 295 3187 359 3251; x_wconf 90' lang='lat' dir='ltr'>suis</span> <span class='ocrx_word' id='word_1_266' title='bbox 373 3187 408 3251; x_wconf 92' lang='lat' dir='ltr'>in</span> <span class='ocrx_word' id='word_1_267' title='bbox 421 3200 617 3271; x_wconf 88' lang='lat' dir='ltr'>perpetuum</span> <span class='ocrx_word' id='word_1_268' title='bbox 630 3209 703 3251; x_wconf 92' lang='lat' dir='ltr'>cum</span> <span class='ocrx_word' id='word_1_269' title='bbox 716 3186 920 3250; x_wconf 88' lang='lat' dir='ltr'>libertatibus</span> <span class='ocrx_word' id='word_1_270' title='bbox 933 3196 966 3250; x_wconf 88' lang='lat' dir='ltr'>et</span> <span class='ocrx_word' id='word_1_271' title='bbox 980 3184 1091 3250; x_wconf 91' lang='lat' dir='ltr'>liberis</span> <span class='ocrx_word' id='word_1_272' title='bbox 1103 3186 1392 3253; x_wconf 88' lang='lat' dir='ltr'>consuetudinibus</span> 
     </span>
     <span class='ocr_line' id='line_1_32' title="bbox 189 3270 1392 3358; baseline 0.002 -21"><span class='ocrx_word' id='word_1_273' title='bbox 189 3272 232 3337; x_wconf 85' lang='lat' dir='ltr'>ad</span> <span class='ocrx_word' id='word_1_274' title='bbox 247 3274 367 3337; x_wconf 89' lang='lat' dir='ltr'>dictam</span> <span class='ocrx_word' id='word_1_275' title='bbox 381 3284 498 3336; x_wconf 90' lang='lat' dir='ltr'>terram</span> <span class='ocrx_word' id='word_1_276' title='bbox 519 3272 768 3357; x_wconf 88' lang='lat' dir='ltr'>pertinentibus,</span> <span class='ocrx_word' id='word_1_277' title='bbox 782 3270 949 3336; x_wconf 89' lang='lat' dir='ltr'>reddendo</span> <span class='ocrx_word' id='word_1_278' title='bbox 967 3272 1044 3337; x_wconf 91' lang='lat' dir='ltr'>inde</span> <span class='ocrx_word' id='word_1_279' title='bbox 1062 3271 1227 3337; x_wconf 85' lang='lat' dir='ltr'>annuatim</span> <span class='ocrx_word' id='word_1_280' title='bbox 1244 3272 1392 3358; x_wconf 90' lang='lat' dir='ltr'>predicto</span> 
     </span>
     <span class='ocr_line' id='line_1_33' title="bbox 188 3355 1393 3458; baseline 0.004 -39"><span class='ocrx_word' id='word_1_281' title='bbox 188 3355 355 3443; x_wconf 89' lang='lat' dir='ltr'>Episcopo</span> <span class='ocrx_word' id='word_1_282' title='bbox 383 3370 415 3423; x_wconf 91' lang='lat' dir='ltr'>et</span> <span class='ocrx_word' id='word_1_283' title='bbox 442 3358 678 3423; x_wconf 87' lang='lat' dir='ltr'>successoribus</span> <span class='ocrx_word' id='word_1_284' title='bbox 704 3358 770 3423; x_wconf 88' lang='lat' dir='ltr'>suis</span> <span class='ocrx_word' id='word_1_285' title='bbox 797 3357 867 3441; x_wconf 91' lang='lat' dir='ltr'>ipse</span> <span class='ocrx_word' id='word_1_286' title='bbox 891 3369 924 3423; x_wconf 94' lang='lat' dir='ltr'>et</span> <span class='ocrx_word' id='word_1_287' title='bbox 949 3358 1085 3425; x_wconf 89' lang='lat' dir='ltr'>heredes</span> <span class='ocrx_word' id='word_1_288' title='bbox 1109 3358 1160 3423; x_wconf 91' lang='lat' dir='ltr'>sui</span> <span class='ocrx_word' id='word_1_289' title='bbox 1185 3369 1218 3423; x_wconf 87' lang='lat' dir='ltr'>et</span> <span class='ocrx_word' id='word_1_290' title='bbox 1240 3359 1393 3458; x_wconf 88' lang='lat' dir='ltr'>assignati</span> 
     </span>
     <span class='ocr_line' id='line_1_34' title="bbox 188 3442 1392 3529; baseline 0.002 -23"><span class='ocrx_word' id='word_1_291' title='bbox 188 3463 244 3509; x_wconf 86' lang='lat' dir='ltr'>vs.</span> <span class='ocrx_word' id='word_1_292' title='bbox 261 3443 387 3529; x_wconf 85' lang='lat' dir='ltr'>argenti</span> <span class='ocrx_word' id='word_1_293' title='bbox 408 3443 450 3508; x_wconf 96' lang='lat' dir='ltr'>ad</span> <span class='ocrx_word' id='word_1_294' title='bbox 470 3443 551 3508; x_wconf 87' lang='lat' dir='ltr'>festa</span> <span class='ocrx_word' id='word_1_295' title='bbox 569 3442 739 3509; x_wconf 90' lang='lat' dir='ltr'>Michaelis</span> <span class='ocrx_word' id='word_1_296' title='bbox 761 3454 794 3508; x_wconf 91' lang='lat' dir='ltr'>et</span> <span class='ocrx_word' id='word_1_297' title='bbox 818 3443 959 3511; x_wconf 80' lang='lat' dir='ltr'>Paschae.</span> <span class='ocrx_word' id='word_1_298' title='bbox 1004 3445 1168 3511; x_wconf 82' lang='lat' dir='ltr'>Convenit</span> <span class='ocrx_word' id='word_1_299' title='bbox 1189 3444 1286 3509; x_wconf 91' lang='lat' dir='ltr'>etiam</span> <span class='ocrx_word' id='word_1_300' title='bbox 1306 3456 1392 3510; x_wconf 87' lang='lat' dir='ltr'>mter</span> 
     </span>
     <span class='ocr_line' id='line_1_35' title="bbox 188 3528 1392 3614; baseline -0.002 -21"><span class='ocrx_word' id='word_1_301' title='bbox 188 3529 375 3610; x_wconf 89' lang='lat' dir='ltr'>predictum</span> <span class='ocrx_word' id='word_1_302' title='bbox 399 3528 601 3614; x_wconf 90' lang='lat' dir='ltr'>Episcopum</span> <span class='ocrx_word' id='word_1_303' title='bbox 624 3541 658 3593; x_wconf 89' lang='lat' dir='ltr'>et</span> <span class='ocrx_word' id='word_1_304' title='bbox 682 3528 878 3607; x_wconf 83' lang='lat' dir='ltr'>Galfridnm,</span> <span class='ocrx_word' id='word_1_305' title='bbox 900 3531 1046 3613; x_wconf 87' lang='lat' dir='ltr'>predicto</span> <span class='ocrx_word' id='word_1_306' title='bbox 1069 3530 1122 3594; x_wconf 92' lang='lat' dir='ltr'>die</span> <span class='ocrx_word' id='word_1_307' title='bbox 1148 3528 1281 3605; x_wconf 90' lang='lat' dir='ltr'>ibidem,</span> <span class='ocrx_word' id='word_1_308' title='bbox 1302 3530 1392 3612; x_wconf 92' lang='lat' dir='ltr'>quod</span> 
     </span>
     <span class='ocr_line' id='line_1_36' title="bbox 188 3612 1391 3700; baseline -0.004 -21"><span class='ocrx_word' id='word_1_309' title='bbox 188 3613 335 3697; x_wconf 85' lang='lat' dir='ltr'>prefatus</span> <span class='ocrx_word' id='word_1_310' title='bbox 350 3613 392 3680; x_wconf 89' lang='lat' dir='ltr'>G.</span> <span class='ocrx_word' id='word_1_311' title='bbox 409 3615 450 3678; x_wconf 88' lang='lat' dir='ltr'>de</span> <span class='ocrx_word' id='word_1_312' title='bbox 466 3637 598 3679; x_wconf 89' lang='lat' dir='ltr'>assensu</span> <span class='ocrx_word' id='word_1_313' title='bbox 621 3614 777 3700; x_wconf 89' lang='lat' dir='ltr'>Episcopi</span> <span class='ocrx_word' id='word_1_314' title='bbox 801 3628 834 3680; x_wconf 89' lang='lat' dir='ltr'>et</span> <span class='ocrx_word' id='word_1_315' title='bbox 857 3616 1036 3690; x_wconf 83' lang='lat' dir='ltr'>voluntate,</span> <span class='ocrx_word' id='word_1_316' title='bbox 1052 3635 1161 3677; x_wconf 90' lang='lat' dir='ltr'>omnes</span> <span class='ocrx_word' id='word_1_317' title='bbox 1177 3624 1277 3675; x_wconf 89' lang='lat' dir='ltr'>terras</span> <span class='ocrx_word' id='word_1_318' title='bbox 1292 3612 1391 3692; x_wconf 91' lang='lat' dir='ltr'>perti·</span> 
     </span>
     <span class='ocr_line' id='line_1_37' title="bbox 188 3695 1391 3784; baseline -0.003 -22"><span class='ocrx_word' id='word_1_319' title='bbox 188 3710 304 3765; x_wconf 89' lang='lat' dir='ltr'>nentes</span> <span class='ocrx_word' id='word_1_320' title='bbox 319 3700 362 3764; x_wconf 92' lang='lat' dir='ltr'>ad</span> <span class='ocrx_word' id='word_1_321' title='bbox 384 3700 566 3784; x_wconf 91' lang='lat' dir='ltr'>predictum</span> <span class='ocrx_word' id='word_1_322' title='bbox 589 3702 768 3765; x_wconf 90' lang='lat' dir='ltr'>manerium</span> <span class='ocrx_word' id='word_1_323' title='bbox 789 3723 848 3784; x_wconf 91' lang='lat' dir='ltr'>per</span> <span class='ocrx_word' id='word_1_324' title='bbox 870 3722 904 3763; x_wconf 91' lang='lat' dir='ltr'>se</span> <span class='ocrx_word' id='word_1_325' title='bbox 924 3700 978 3763; x_wconf 88' lang='lat' dir='ltr'>vel</span> <span class='ocrx_word' id='word_1_326' title='bbox 998 3720 1058 3782; x_wconf 88' lang='lat' dir='ltr'>per</span> <span class='ocrx_word' id='word_1_327' title='bbox 1079 3695 1216 3760; x_wconf 86' lang='lat' dir='ltr'>heredes</span> <span class='ocrx_word' id='word_1_328' title='bbox 1237 3716 1311 3758; x_wconf 88' lang='lat' dir='ltr'>suos</span> <span class='ocrx_word' id='word_1_329' title='bbox 1330 3716 1391 3777; x_wconf 87' lang='lat' dir='ltr'>pro</span> 
     </span>
     <span class='ocr_line' id='line_1_38' title="bbox 188 3779 1391 3896; baseline -0.003 -47"><span class='ocrx_word' id='word_1_330' title='bbox 188 3806 283 3867; x_wconf 89' lang='lat' dir='ltr'>posse</span> <span class='ocrx_word' id='word_1_331' title='bbox 305 3807 363 3849; x_wconf 91' lang='lat' dir='ltr'>suo</span> <span class='ocrx_word' id='word_1_332' title='bbox 382 3785 596 3870; x_wconf 89' lang='lat' dir='ltr'>perquireret.</span> <span class='ocrx_word' id='word_1_333' title='bbox 641 3785 734 3896; x_wconf 69' lang='lat' dir='ltr'>Itacp</span> <span class='ocrx_word' id='word_1_334' title='bbox 756 3788 798 3851; x_wconf 95' lang='lat' dir='ltr'>od</span> <span class='ocrx_word' id='word_1_335' title='bbox 814 3784 970 3850; x_wconf 88' lang='lat' dir='ltr'>medietas</span> <span class='ocrx_word' id='word_1_336' title='bbox 988 3804 1100 3848; x_wconf 90' lang='lat' dir='ltr'>earum</span> <span class='ocrx_word' id='word_1_337' title='bbox 1115 3802 1189 3843; x_wconf 88' lang='lat' dir='ltr'>cum</span> <span class='ocrx_word' id='word_1_338' title='bbox 1203 3779 1391 3865; x_wconf 88' lang='lat' dir='ltr'>perquisitis</span> 
     </span>
     <span class='ocr_line' id='line_1_39' title="bbox 188 3865 1393 3956; baseline -0.002 -21"><span class='ocrx_word' id='word_1_339' title='bbox 188 3870 292 3935; x_wconf 88' lang='lat' dir='ltr'>fuerit</span> <span class='ocrx_word' id='word_1_340' title='bbox 306 3882 339 3936; x_wconf 90' lang='lat' dir='ltr'>ct</span> <span class='ocrx_word' id='word_1_341' title='bbox 352 3870 531 3936; x_wconf 89' lang='lat' dir='ltr'>remanebit</span> <span class='ocrx_word' id='word_1_342' title='bbox 545 3870 690 3956; x_wconf 88' lang='lat' dir='ltr'>predicto</span> <span class='ocrx_word' id='word_1_343' title='bbox 706 3872 870 3956; x_wconf 84' lang='lat' dir='ltr'>Episcopo</span> <span class='ocrx_word' id='word_1_344' title='bbox 886 3881 919 3934; x_wconf 89' lang='lat' dir='ltr'>et</span> <span class='ocrx_word' id='word_1_345' title='bbox 934 3865 1172 3934; x_wconf 89' lang='lat' dir='ltr'>successoribus</span> <span class='ocrx_word' id='word_1_346' title='bbox 1189 3865 1267 3944; x_wconf 88' lang='lat' dir='ltr'>suis,</span> <span class='ocrx_word' id='word_1_347' title='bbox 1282 3878 1315 3932; x_wconf 92' lang='lat' dir='ltr'>et</span> <span class='ocrx_word' id='word_1_348' title='bbox 1330 3866 1393 3933; x_wconf 89' lang='lat' dir='ltr'>alia</span> 
     </span>
     <span class='ocr_line' id='line_1_40' title="bbox 188 3952 1392 4041; baseline 0 -22"><span class='ocrx_word' id='word_1_349' title='bbox 188 3956 345 4021; x_wconf 88' lang='lat' dir='ltr'>medietas</span> <span class='ocrx_word' id='word_1_350' title='bbox 365 3956 511 4041; x_wconf 89' lang='lat' dir='ltr'>predicto</span> <span class='ocrx_word' id='word_1_351' title='bbox 527 3955 569 4020; x_wconf 88' lang='lat' dir='ltr'>G.</span> <span class='ocrx_word' id='word_1_352' title='bbox 586 3970 619 4022; x_wconf 90' lang='lat' dir='ltr'>et</span> <span class='ocrx_word' id='word_1_353' title='bbox 634 3957 809 4023; x_wconf 89' lang='lat' dir='ltr'>heredibus</span> <span class='ocrx_word' id='word_1_354' title='bbox 825 3954 903 4034; x_wconf 89' lang='lat' dir='ltr'>suis,</span> <span class='ocrx_word' id='word_1_355' title='bbox 918 3978 994 4019; x_wconf 91' lang='lat' dir='ltr'>cum</span> <span class='ocrx_word' id='word_1_356' title='bbox 1008 3952 1211 4039; x_wconf 87' lang='lat' dir='ltr'>pertinentiis</span> <span class='ocrx_word' id='word_1_357' title='bbox 1229 3953 1392 4033; x_wconf 91' lang='lat' dir='ltr'>omnibus,</span> 
     </span>
     <span class='ocr_line' id='line_1_41' title="bbox 189 4039 1390 4127; baseline -0.002 -23"><span class='ocrx_word' id='word_1_358' title='bbox 189 4039 292 4107; x_wconf 88' lang='lat' dir='ltr'>libere</span> <span class='ocrx_word' id='word_1_359' title='bbox 304 4052 338 4107; x_wconf 90' lang='lat' dir='ltr'>et</span> <span class='ocrx_word' id='word_1_360' title='bbox 350 4042 459 4127; x_wconf 89' lang='lat' dir='ltr'>quiete</span> <span class='ocrx_word' id='word_1_361' title='bbox 470 4043 662 4120; x_wconf 86' lang='lat' dir='ltr'>remanebit,</span> <span class='ocrx_word' id='word_1_362' title='bbox 675 4042 762 4107; x_wconf 82' lang='lat' dir='ltr'>salvo</span> <span class='ocrx_word' id='word_1_363' title='bbox 775 4040 921 4126; x_wconf 93' lang='lat' dir='ltr'>predicto</span> <span class='ocrx_word' id='word_1_364' title='bbox 932 4040 1096 4124; x_wconf 90' lang='lat' dir='ltr'>Episcopo</span> <span class='ocrx_word' id='word_1_365' title='bbox 1108 4050 1141 4103; x_wconf 89' lang='lat' dir='ltr'>et</span> <span class='ocrx_word' id='word_1_366' title='bbox 1152 4040 1390 4105; x_wconf 89' lang='lat' dir='ltr'>successoribus</span> 
     </span>
     <span class='ocr_line' id='line_1_42' title="bbox 189 4125 1391 4213; baseline -0.003 -23"><span class='ocrx_word' id='word_1_367' title='bbox 189 4128 255 4193; x_wconf 89' lang='lat' dir='ltr'>suis</span> <span class='ocrx_word' id='word_1_368' title='bbox 268 4138 363 4192; x_wconf 87' lang='lat' dir='ltr'>terrae</span> <span class='ocrx_word' id='word_1_369' title='bbox 374 4128 528 4212; x_wconf 74' lang='lat' dir='ltr'>predicta</span> <span class='ocrx_word' id='word_1_370' title='bbox 537 4128 643 4213; x_wconf 88' lang='lat' dir='ltr'>pretio</span> <span class='ocrx_word' id='word_1_371' title='bbox 657 4127 797 4192; x_wconf 74' lang='lat' dir='ltr'>dimidie</span> <span class='ocrx_word' id='word_1_372' title='bbox 808 4148 921 4191; x_wconf 75' lang='lat' dir='ltr'>marcae</span> <span class='ocrx_word' id='word_1_373' title='bbox 930 4149 989 4211; x_wconf 88' lang='lat' dir='ltr'>per</span> <span class='ocrx_word' id='word_1_374' title='bbox 999 4147 1128 4190; x_wconf 88' lang='lat' dir='ltr'>annum.</span> <span class='ocrx_word' id='word_1_375' title='bbox 1144 4125 1391 4191; x_wconf 87' lang='lat' dir='ltr'>Prenominatus</span> 
     </span>
     <span class='ocr_line' id='line_1_43' title="bbox 189 4208 1391 4299; baseline -0.005 -23"><span class='ocrx_word' id='word_1_376' title='bbox 189 4234 267 4277; x_wconf 87' lang='lat' dir='ltr'>vero</span> <span class='ocrx_word' id='word_1_377' title='bbox 282 4212 467 4298; x_wconf 89' lang='lat' dir='ltr'>Episcopus</span> <span class='ocrx_word' id='word_1_378' title='bbox 481 4214 616 4279; x_wconf 85' lang='lat' dir='ltr'>firmiter</span> <span class='ocrx_word' id='word_1_379' title='bbox 636 4212 796 4299; x_wconf 88' lang='lat' dir='ltr'>promisit,</span> <span class='ocrx_word' id='word_1_380' title='bbox 816 4211 906 4295; x_wconf 91' lang='lat' dir='ltr'>quod</span> <span class='ocrx_word' id='word_1_381' title='bbox 923 4211 1086 4296; x_wconf 77' lang='lat' dir='ltr'>prelatum</span> <span class='ocrx_word' id='word_1_382' title='bbox 1103 4210 1145 4276; x_wconf 91' lang='lat' dir='ltr'>G.</span> <span class='ocrx_word' id='word_1_383' title='bbox 1161 4211 1258 4275; x_wconf 83' lang='lat' dir='ltr'>faciet</span> <span class='ocrx_word' id='word_1_384' title='bbox 1271 4208 1391 4272; x_wconf 88' lang='lat' dir='ltr'>habere</span> 
     </span>
     <span class='ocr_line' id='line_1_44' title="bbox 190 4292 1391 4385; baseline -0.005 -22"><span class='ocrx_word' id='word_1_385' title='bbox 190 4298 464 4365; x_wconf 88' lang='lat' dir='ltr'>confirmationem</span> <span class='ocrx_word' id='word_1_386' title='bbox 477 4299 622 4385; x_wconf 84' lang='lat' dir='ltr'>Capituli</span> <span class='ocrx_word' id='word_1_387' title='bbox 643 4301 704 4378; x_wconf 89' lang='lat' dir='ltr'>sui,</span> <span class='ocrx_word' id='word_1_388' title='bbox 720 4308 752 4365; x_wconf 92' lang='lat' dir='ltr'>et</span> <span class='ocrx_word' id='word_1_389' title='bbox 773 4319 899 4364; x_wconf 89' lang='lat' dir='ltr'>omnem</span> <span class='ocrx_word' id='word_1_390' title='bbox 915 4298 1119 4363; x_wconf 88' lang='lat' dir='ltr'>securitatem</span> <span class='ocrx_word' id='word_1_391' title='bbox 1135 4317 1232 4381; x_wconf 89' lang='lat' dir='ltr'>quam</span> <span class='ocrx_word' id='word_1_392' title='bbox 1246 4294 1333 4358; x_wconf 89' lang='lat' dir='ltr'>idem</span> <span class='ocrx_word' id='word_1_393' title='bbox 1348 4292 1391 4357; x_wconf 88' lang='lat' dir='ltr'>G.</span> 
     </span>
    </p>
   </div>
   <div class='ocr_carea' id='block_1_6' title="bbox 0 0 1920 5059">
    <p class='ocr_par' dir='ltr' id='par_1_6' title="bbox 0 0 1920 5059">
     <span class='ocr_line' id='line_1_45' title="bbox 0 0 1920 5059; baseline 0 0"><span class='ocrx_word' id='word_1_394' title='bbox 0 0 1920 5059; x_wconf 95' lang='lat' dir='ltr'> </span> 
     </span>
    </p>
   </div>
  </div>
 </body>
</html>
