<?xml version="1.0" encoding="UTF-8"?>
<!DOCTYPE html PUBLIC "-//W3C//DTD XHTML 1.0 Transitional//EN"
    "http://www.w3.org/TR/xhtml1/DTD/xhtml1-transitional.dtd">
<html xmlns="http://www.w3.org/1999/xhtml" xml:lang="en" lang="en">
 <head>
  <title>
</title>
<meta http-equiv="Content-Type" content="text/html;charset=utf-8" />
  <meta name='ocr-system' content='tesseract 3.04.00' />
  <meta name='ocr-capabilities' content='ocr_page ocr_carea ocr_par ocr_line ocrx_word'/>
</head>
<body>
  <div class='ocr_page' id='page_1' title='image "./rotuluspipaeclo00diocgoog_0063.png"; bbox 0 0 3825 5059; ppageno 0'>
   <div class='ocr_carea' id='block_1_1' title="bbox 794 470 838 539">
    <p class='ocr_par' dir='ltr' id='par_1_1' title="bbox 794 470 838 539">
     <span class='ocr_line' id='line_1_1' title="bbox 794 470 838 539; baseline -0.023 0"><span class='ocrx_word' id='word_1_1' title='bbox 794 470 838 539; x_wconf 86' lang='lat'><strong>41</strong></span> 
     </span>
    </p>
   </div>
   <div class='ocr_carea' id='block_1_2' title="bbox 108 650 1579 4496">
    <p class='ocr_par' dir='ltr' id='par_1_2' title="bbox 108 650 1489 2781">
     <span class='ocr_line' id='line_1_2' title="bbox 213 650 1489 731; baseline 0.002 -12"><span class='ocrx_word' id='word_1_2' title='bbox 213 650 337 731; x_wconf 84' lang='lat' dir='ltr'><strong>brevis,</strong></span> <span class='ocrx_word' id='word_1_3' title='bbox 361 652 431 716; x_wconf 78' lang='lat' dir='ltr'><strong>buc</strong></span> <span class='ocrx_word' id='word_1_4' title='bbox 455 660 522 715; x_wconf 90' lang='lat' dir='ltr'><strong>est:</strong></span> <span class='ocrx_word' id='word_1_5' title='bbox 552 650 684 717; x_wconf 85' lang='lat' dir='ltr'><strong>Habere</strong></span> <span class='ocrx_word' id='word_1_6' title='bbox 709 651 772 717; x_wconf 85' lang='lat' dir='ltr'><strong>feci</strong></span> <span class='ocrx_word' id='word_1_7' title='bbox 795 652 900 717; x_wconf 85' lang='lat' dir='ltr'><strong>visum</strong></span> <span class='ocrx_word' id='word_1_8' title='bbox 927 651 1121 716; x_wconf 82' lang='lat' dir='ltr'><strong>Katerinam</strong></span> <span class='ocrx_word' id='word_1_9' title='bbox 1145 651 1288 718; x_wconf 85' lang='lat' dir='ltr'><strong>Rundals</strong></span> <span class='ocrx_word' id='word_1_10' title='bbox 1311 654 1353 719; x_wconf 89' lang='lat' dir='ltr'><strong>de</strong></span> <span class='ocrx_word' id='word_1_11' title='bbox 1373 654 1418 721; x_wconf 82' lang='lat' dir='ltr'><strong>vi.</strong></span> <span class='ocrx_word' id='word_1_12' title='bbox 1487 705 1489 710; x_wconf 84' lang='lat'>-</span> 
     </span>
     <span class='ocr_line' id='line_1_3' title="bbox 212 736 1419 823; baseline 0.002 -20"><span class='ocrx_word' id='word_1_13' title='bbox 212 737 404 822; x_wconf 86' lang='lat' dir='ltr'><strong>messuagiis</strong></span> <span class='ocrx_word' id='word_1_14' title='bbox 432 736 624 821; x_wconf 87' lang='lat' dir='ltr'><strong>supradictis</strong></span> <span class='ocrx_word' id='word_1_15' title='bbox 650 737 686 801; x_wconf 88' lang='lat' dir='ltr'><strong>in</strong></span> <span class='ocrx_word' id='word_1_16' title='bbox 710 736 782 802; x_wconf 92' lang='lat' dir='ltr'><strong>loco</strong></span> <span class='ocrx_word' id='word_1_17' title='bbox 809 738 956 823; x_wconf 88' lang='lat' dir='ltr'><strong>predicto</strong></span> <span class='ocrx_word' id='word_1_18' title='bbox 980 758 1055 802; x_wconf 90' lang='lat' dir='ltr'><strong>cum</strong></span> <span class='ocrx_word' id='word_1_19' title='bbox 1077 737 1294 821; x_wconf 75' lang='lat' dir='ltr'><strong>pertinentiis,</strong></span> <span class='ocrx_word' id='word_1_20' title='bbox 1321 739 1419 805; x_wconf 87' lang='lat' dir='ltr'><strong>etism</strong></span> 
     </span>
     <span class='ocr_line' id='line_1_4' title="bbox 214 821 1419 909; baseline 0.002 -21"><span class='ocrx_word' id='word_1_21' title='bbox 214 823 415 888; x_wconf 87' lang='lat' dir='ltr'><strong>Nicholaum</strong></span> <span class='ocrx_word' id='word_1_22' title='bbox 437 821 584 887; x_wconf 87' lang='lat' dir='ltr'><strong>Dexeter</strong></span> <span class='ocrx_word' id='word_1_23' title='bbox 606 823 648 886; x_wconf 89' lang='lat' dir='ltr'><strong>de</strong></span> <span class='ocrx_word' id='word_1_24' title='bbox 668 822 690 888; x_wconf 89' lang='lat' dir='ltr'><strong>i.</strong></span> <span class='ocrx_word' id='word_1_25' title='bbox 711 824 893 909; x_wconf 80' lang='lat' dir='ltr'><strong>messuagio</strong></span> <span class='ocrx_word' id='word_1_26' title='bbox 914 823 950 887; x_wconf 91' lang='lat' dir='ltr'><strong>in</strong></span> <span class='ocrx_word' id='word_1_27' title='bbox 972 822 1085 888; x_wconf 91' lang='lat' dir='ltr'><strong>eadem</strong></span> <span class='ocrx_word' id='word_1_28' title='bbox 1106 824 1419 909; x_wconf 79' lang='lat' dir='ltr'><strong>compertinentiis,</strong></span> 
     </span>
     <span class='ocr_line' id='line_1_5' title="bbox 213 907 1418 995; baseline 0.003 -22"><span class='ocrx_word' id='word_1_29' title='bbox 213 922 316 995; x_wconf 87' lang='lat' dir='ltr'><strong>prout</strong></span> <span class='ocrx_word' id='word_1_30' title='bbox 336 908 426 973; x_wconf 87' lang='lat' dir='ltr'><strong>istud</strong></span> <span class='ocrx_word' id='word_1_31' title='bbox 446 908 546 972; x_wconf 87' lang='lat' dir='ltr'><strong>breve</strong></span> <span class='ocrx_word' id='word_1_32' title='bbox 568 930 603 973; x_wconf 93' lang='lat' dir='ltr'><strong>re</strong></span> <span class='ocrx_word' id='word_1_33' title='bbox 628 907 717 986; x_wconf 89' lang='lat' dir='ltr'><strong>uirit,</strong></span> <span class='ocrx_word' id='word_1_34' title='bbox 735 919 769 974; x_wconf 93' lang='lat' dir='ltr'><strong>et</strong></span> <span class='ocrx_word' id='word_1_35' title='bbox 790 908 913 973; x_wconf 87' lang='lat' dir='ltr'><strong>dictum</strong></span> <span class='ocrx_word' id='word_1_36' title='bbox 933 918 984 974; x_wconf 84' lang='lat' dir='ltr'><strong>est</strong></span> <span class='ocrx_word' id='word_1_37' title='bbox 1004 907 1148 973; x_wconf 84' lang='lat' dir='ltr'><strong>Johanni</strong></span> <span class='ocrx_word' id='word_1_38' title='bbox 1169 907 1274 987; x_wconf 83' lang='lat' dir='ltr'><strong>Reda,</strong></span> <span class='ocrx_word' id='word_1_39' title='bbox 1295 911 1418 976; x_wconf 88' lang='lat' dir='ltr'><strong>Jacobo</strong></span> 
     </span>
     <span class='ocr_line' id='line_1_6' title="bbox 215 931 1419 1082; baseline 0.002 -23"><span class='ocrx_word' id='word_1_40' title='bbox 215 994 411 1079; x_wconf 84' lang='lat' dir='ltr'><strong>Flemynge,</strong></span> <span class='ocrx_word' id='word_1_41' title='bbox 438 992 586 1058; x_wconf 85' lang='lat' dir='ltr'><strong>Walters</strong></span> <span class='ocrx_word' id='word_1_42' title='bbox 605 931 752 1080; x_wconf 67' lang='lat' dir='ltr'><strong>hdyagh,</strong></span> <span class='ocrx_word' id='word_1_43' title='bbox 778 994 958 1059; x_wconf 85' lang='lat' dir='ltr'><strong>Willielmo</strong></span> <span class='ocrx_word' id='word_1_44' title='bbox 990 993 1137 1059; x_wconf 86' lang='lat' dir='ltr'><strong>Dexeter</strong></span> <span class='ocrx_word' id='word_1_45' title='bbox 1165 994 1334 1075; x_wconf 87' lang='lat' dir='ltr'><strong>militibus,</strong></span> <span class='ocrx_word' id='word_1_46' title='bbox 1360 994 1419 1082; x_wconf 89' lang='lat' dir='ltr'><strong>qui</strong></span> 
     </span>
     <span class='ocr_line' id='line_1_7' title="bbox 214 1078 1400 1163; baseline 0.002 -19"><span class='ocrx_word' id='word_1_47' title='bbox 214 1079 303 1144; x_wconf 82' lang='lat' dir='ltr'><strong>visui</strong></span> <span class='ocrx_word' id='word_1_48' title='bbox 327 1079 379 1143; x_wconf 95' lang='lat' dir='ltr'><strong>illi</strong></span> <span class='ocrx_word' id='word_1_49' title='bbox 398 1078 618 1143; x_wconf 79' lang='lat' dir='ltr'><strong>interfirerunt</strong></span> <span class='ocrx_word' id='word_1_50' title='bbox 639 1079 729 1163; x_wconf 90' lang='lat' dir='ltr'><strong>quod</strong></span> <span class='ocrx_word' id='word_1_51' title='bbox 750 1080 815 1151; x_wconf 79' lang='lat' dir='ltr'><strong>sint</strong></span> <span class='ocrx_word' id='word_1_52' title='bbox 840 1101 947 1144; x_wconf 91' lang='lat' dir='ltr'><strong>coram</strong></span> <span class='ocrx_word' id='word_1_53' title='bbox 967 1078 1152 1145; x_wconf 86' lang='lat' dir='ltr'><strong>Justiciario</strong></span> <span class='ocrx_word' id='word_1_54' title='bbox 1175 1080 1298 1145; x_wconf 91' lang='lat' dir='ltr'><strong>domini</strong></span> <span class='ocrx_word' id='word_1_55' title='bbox 1392 1081 1400 1096; x_wconf 84' lang='lat'><strong><em>&#39;</em></strong></span> 
     </span>
     <span class='ocr_line' id='line_1_8' title="bbox 216 1163 1420 1248; baseline 0.004 -20"><span class='ocrx_word' id='word_1_56' title='bbox 216 1165 308 1248; x_wconf 90' lang='lat' dir='ltr'><strong>apud</strong></span> <span class='ocrx_word' id='word_1_57' title='bbox 326 1164 372 1230; x_wconf 92' lang='lat' dir='ltr'><strong>K.</strong></span> <span class='ocrx_word' id='word_1_58' title='bbox 388 1163 429 1229; x_wconf 87' lang='lat' dir='ltr'><strong>ad</strong></span> <span class='ocrx_word' id='word_1_59' title='bbox 447 1163 533 1229; x_wconf 90' lang='lat' dir='ltr'><strong>diem</strong></span> <span class='ocrx_word' id='word_1_60' title='bbox 551 1186 608 1230; x_wconf 84' lang='lat' dir='ltr'><strong>xv.</strong></span> <span class='ocrx_word' id='word_1_61' title='bbox 624 1163 767 1243; x_wconf 75' lang='lat' dir='ltr'><strong>Pascha,</strong></span> <span class='ocrx_word' id='word_1_62' title='bbox 785 1165 827 1230; x_wconf 88' lang='lat' dir='ltr'><strong>ad</strong></span> <span class='ocrx_word' id='word_1_63' title='bbox 843 1164 1080 1231; x_wconf 82' lang='lat' dir='ltr'><strong>testificandum</strong></span> <span class='ocrx_word' id='word_1_64' title='bbox 1100 1164 1207 1240; x_wconf 85' lang='lat' dir='ltr'><strong>visum</strong></span> <span class='ocrx_word' id='word_1_65' title='bbox 1223 1164 1328 1232; x_wconf 88' lang='lat' dir='ltr'><strong>illum.</strong></span> <span class='ocrx_word' id='word_1_66' title='bbox 1404 1179 1420 1233; x_wconf 94' lang='lat' dir='ltr'><strong>t</strong></span> 
     </span>
     <span class='ocr_line' id='line_1_9' title="bbox 216 1248 1420 1336; baseline 0.002 -21"><span class='ocrx_word' id='word_1_67' title='bbox 216 1252 297 1335; x_wconf 87' lang='lat' dir='ltr'><strong>quia</strong></span> <span class='ocrx_word' id='word_1_68' title='bbox 319 1250 419 1315; x_wconf 85' lang='lat' dir='ltr'><strong>breve</strong></span> <span class='ocrx_word' id='word_1_69' title='bbox 438 1248 460 1315; x_wconf 91' lang='lat' dir='ltr'><strong>i.</strong></span> <span class='ocrx_word' id='word_1_70' title='bbox 482 1250 523 1314; x_wconf 87' lang='lat' dir='ltr'><strong>de</strong></span> <span class='ocrx_word' id='word_1_71' title='bbox 551 1250 684 1335; x_wconf 87' lang='lat' dir='ltr'><strong>proprio</strong></span> <span class='ocrx_word' id='word_1_72' title='bbox 711 1250 800 1316; x_wconf 88' lang='lat' dir='ltr'><strong>tallio</strong></span> <span class='ocrx_word' id='word_1_73' title='bbox 826 1262 1022 1330; x_wconf 87' lang='lat' dir='ltr'><strong>retornatur,</strong></span> <span class='ocrx_word' id='word_1_74' title='bbox 1046 1262 1139 1336; x_wconf 85' lang='lat' dir='ltr'><strong>capta</strong></span> <span class='ocrx_word' id='word_1_75' title='bbox 1161 1251 1296 1316; x_wconf 87' lang='lat' dir='ltr'><strong>suntin</strong></span> <span class='ocrx_word' id='word_1_76' title='bbox 1319 1273 1420 1318; x_wconf 86' lang='lat' dir='ltr'><strong>manu</strong></span> 
     </span>
     <span class='ocr_line' id='line_1_10' title="bbox 216 1334 1418 1421; baseline 0.002 -22"><span class='ocrx_word' id='word_1_77' title='bbox 216 1334 342 1400; x_wconf 90' lang='lat' dir='ltr'><strong>domini</strong></span> <span class='ocrx_word' id='word_1_78' title='bbox 360 1334 460 1421; x_wconf 87' lang='lat' dir='ltr'><strong>Regis</strong></span> <span class='ocrx_word' id='word_1_79' title='bbox 477 1334 511 1398; x_wconf 92' lang='lat' dir='ltr'><strong>ii.</strong></span> <span class='ocrx_word' id='word_1_80' title='bbox 527 1336 705 1421; x_wconf 84' lang='lat' dir='ltr'><strong>messuagia</strong></span> <span class='ocrx_word' id='word_1_81' title='bbox 721 1358 796 1401; x_wconf 91' lang='lat' dir='ltr'><strong>cum</strong></span> <span class='ocrx_word' id='word_1_82' title='bbox 817 1335 1032 1421; x_wconf 89' lang='lat' dir='ltr'><strong>pertinentiis,</strong></span> <span class='ocrx_word' id='word_1_83' title='bbox 1049 1336 1085 1401; x_wconf 90' lang='lat' dir='ltr'><strong>in</strong></span> <span class='ocrx_word' id='word_1_84' title='bbox 1106 1336 1219 1401; x_wconf 85' lang='lat' dir='ltr'><strong>eadem</strong></span> <span class='ocrx_word' id='word_1_85' title='bbox 1241 1336 1294 1401; x_wconf 90' lang='lat' dir='ltr'><strong>die</strong></span> <span class='ocrx_word' id='word_1_86' title='bbox 1316 1336 1418 1401; x_wconf 89' lang='lat' dir='ltr'><strong>domi-</strong></span> 
     </span>
     <span class='ocr_line' id='line_1_11' title="bbox 214 1419 1419 1507; baseline 0.002 -22"><span class='ocrx_word' id='word_1_87' title='bbox 214 1421 291 1485; x_wconf 85' lang='lat' dir='ltr'><strong>nica</strong></span> <span class='ocrx_word' id='word_1_88' title='bbox 313 1420 450 1485; x_wconf 78' lang='lat' dir='ltr'><strong>infesto</strong></span> <span class='ocrx_word' id='word_1_89' title='bbox 472 1419 648 1485; x_wconf 74' lang='lat' dir='ltr'><strong>Remorum</strong></span> <span class='ocrx_word' id='word_1_90' title='bbox 670 1420 854 1487; x_wconf 87' lang='lat' dir='ltr'><strong>Palmarum</strong></span> <span class='ocrx_word' id='word_1_91' title='bbox 875 1422 1024 1507; x_wconf 84' lang='lat' dir='ltr'><strong>proximo</strong></span> <span class='ocrx_word' id='word_1_92' title='bbox 1047 1421 1216 1506; x_wconf 85' lang='lat' dir='ltr'><strong>preterito,</strong></span> <span class='ocrx_word' id='word_1_93' title='bbox 1229 1444 1289 1505; x_wconf 85' lang='lat' dir='ltr'><strong>per</strong></span> <span class='ocrx_word' id='word_1_94' title='bbox 1311 1422 1419 1487; x_wconf 82' lang='lat' dir='ltr'><strong>visum</strong></span> 
     </span>
     <span class='ocr_line' id='line_1_12' title="bbox 215 1504 1418 1592; baseline 0.002 -21"><span class='ocrx_word' id='word_1_95' title='bbox 215 1508 238 1571; x_wconf 86' lang='lat' dir='ltr'><strong>J</strong></span> <span class='ocrx_word' id='word_1_96' title='bbox 239 1505 376 1571; x_wconf 89' lang='lat' dir='ltr'><strong>ohannis</strong></span> <span class='ocrx_word' id='word_1_97' title='bbox 395 1504 455 1569; x_wconf 86' lang='lat' dir='ltr'><strong>filii</strong></span> <span class='ocrx_word' id='word_1_98' title='bbox 470 1504 640 1571; x_wconf 89' lang='lat' dir='ltr'><strong>Laurentii</strong></span> <span class='ocrx_word' id='word_1_99' title='bbox 658 1506 765 1586; x_wconf 85' lang='lat' dir='ltr'><strong>codd,</strong></span> <span class='ocrx_word' id='word_1_100' title='bbox 783 1506 936 1572; x_wconf 89' lang='lat' dir='ltr'><strong>Nicholai</strong></span> <span class='ocrx_word' id='word_1_101' title='bbox 952 1506 1095 1586; x_wconf 88' lang='lat' dir='ltr'><strong>Ponson,</strong></span> <span class='ocrx_word' id='word_1_102' title='bbox 1111 1506 1251 1572; x_wconf 84' lang='lat' dir='ltr'><strong>Waltsri</strong></span> <span class='ocrx_word' id='word_1_103' title='bbox 1264 1506 1418 1592; x_wconf 87' lang='lat' dir='ltr'><strong>Spemios</strong></span> 
     </span>
     <span class='ocr_line' id='line_1_13' title="bbox 215 1590 1419 1677; baseline 0.002 -20"><span class='ocrx_word' id='word_1_104' title='bbox 215 1604 250 1657; x_wconf 88' lang='lat' dir='ltr'><strong>et</strong></span> <span class='ocrx_word' id='word_1_105' title='bbox 265 1590 375 1657; x_wconf 84' lang='lat' dir='ltr'><strong>David</strong></span> <span class='ocrx_word' id='word_1_106' title='bbox 388 1592 493 1677; x_wconf 88' lang='lat' dir='ltr'><strong>Barry</strong></span> <span class='ocrx_word' id='word_1_107' title='bbox 507 1591 652 1669; x_wconf 89' lang='lat' dir='ltr'><strong>senioris,</strong></span> <span class='ocrx_word' id='word_1_108' title='bbox 668 1592 801 1658; x_wconf 81' lang='lat' dir='ltr'><strong>Thomoe</strong></span> <span class='ocrx_word' id='word_1_109' title='bbox 816 1592 945 1672; x_wconf 76' lang='lat' dir='ltr'><strong>Purser,</strong></span> <span class='ocrx_word' id='word_1_110' title='bbox 960 1591 1099 1658; x_wconf 82' lang='lat' dir='ltr'><strong>Simonis</strong></span> <span class='ocrx_word' id='word_1_111' title='bbox 1114 1590 1222 1668; x_wconf 87' lang='lat' dir='ltr'><strong>codd,</strong></span> <span class='ocrx_word' id='word_1_112' title='bbox 1236 1605 1310 1670; x_wconf 75' lang='lat' dir='ltr'><strong>etc,</strong></span> <span class='ocrx_word' id='word_1_113' title='bbox 1325 1604 1359 1659; x_wconf 93' lang='lat' dir='ltr'><strong>et</strong></span> <span class='ocrx_word' id='word_1_114' title='bbox 1373 1594 1419 1659; x_wconf 88' lang='lat' dir='ltr'><strong>sic</strong></span> 
     </span>
     <span class='ocr_line' id='line_1_14' title="bbox 216 1688 965 1743; baseline 0.001 -2"><span class='ocrx_word' id='word_1_115' title='bbox 216 1690 268 1742; x_wconf 86' lang='lat' dir='ltr'><strong>est</strong></span> <span class='ocrx_word' id='word_1_116' title='bbox 287 1688 429 1742; x_wconf 85' lang='lat' dir='ltr'><strong>retorna.</strong></span> <span class='ocrx_word' id='word_1_117' title='bbox 832 1738 834 1743; x_wconf 89' lang='grc'>,</span> <span class='ocrx_word' id='word_1_118' title='bbox 949 1715 965 1727; x_wconf 68' lang='lat'><strong>,.</strong></span> 
     </span>
     <span class='ocr_line' id='line_1_15' title="bbox 260 1761 1420 1849; baseline 0.005 -24"><span class='ocrx_word' id='word_1_119' title='bbox 260 1761 360 1826; x_wconf 89' lang='lat' dir='ltr'><strong>Unde</strong></span> <span class='ocrx_word' id='word_1_120' title='bbox 373 1762 539 1845; x_wconf 87' lang='lat' dir='ltr'><strong>predictus</strong></span> <span class='ocrx_word' id='word_1_121' title='bbox 556 1762 584 1827; x_wconf 88' lang='lat' dir='ltr'><strong>E</strong></span> <span class='ocrx_word' id='word_1_122' title='bbox 609 1763 738 1847; x_wconf 88' lang='lat' dir='ltr'><strong>iscopus</strong></span> <span class='ocrx_word' id='word_1_123' title='bbox 751 1786 811 1849; x_wconf 90' lang='lat' dir='ltr'><strong>per</strong></span> <span class='ocrx_word' id='word_1_124' title='bbox 823 1762 862 1827; x_wconf 88' lang='grc' dir='ltr'><strong>Τ.</strong></span> <span class='ocrx_word' id='word_1_125' title='bbox 873 1763 998 1829; x_wconf 83' lang='lat' dir='ltr'><strong>Admot</strong></span> <span class='ocrx_word' id='word_1_126' title='bbox 1013 1774 1208 1828; x_wconf 87' lang='lat' dir='ltr'><strong>attornatum</strong></span> <span class='ocrx_word' id='word_1_127' title='bbox 1219 1787 1315 1830; x_wconf 93' lang='lat' dir='ltr'><strong>suum</strong></span> <span class='ocrx_word' id='word_1_128' title='bbox 1329 1764 1420 1842; x_wconf 88' lang='lat' dir='ltr'><strong>dicit,</strong></span> 
     </span>
     <span class='ocr_line' id='line_1_16' title="bbox 217 1785 1419 1935; baseline 0.004 -24"><span class='ocrx_word' id='word_1_129' title='bbox 217 1847 321 1918; x_wconf 83' lang='lat' dir='ltr'><strong>Quod</strong></span> <span class='ocrx_word' id='word_1_130' title='bbox 335 1847 467 1931; x_wconf 87' lang='lat' dir='ltr'><strong>quidam</strong></span> <span class='ocrx_word' id='word_1_131' title='bbox 483 1785 608 1911; x_wconf 60' lang='lat' dir='ltr'><strong>Daniei)</strong></span> <span class='ocrx_word' id='word_1_132' title='bbox 620 1850 784 1934; x_wconf 85' lang='lat' dir='ltr'><strong>quondam</strong></span> <span class='ocrx_word' id='word_1_133' title='bbox 801 1849 985 1933; x_wconf 77' lang='lat' dir='ltr'><strong>Episcopus</strong></span> <span class='ocrx_word' id='word_1_134' title='bbox 1003 1848 1106 1914; x_wconf 65' lang='lat' dir='ltr'><strong>(lione</strong></span> <span class='ocrx_word' id='word_1_135' title='bbox 1123 1849 1330 1934; x_wconf 86' lang='lat' dir='ltr'><strong>predecessor</strong></span> <span class='ocrx_word' id='word_1_136' title='bbox 1346 1873 1419 1935; x_wconf 90' lang='lat' dir='ltr'><strong>pre·</strong></span> 
     </span>
     <span class='ocr_line' id='line_1_17' title="bbox 217 1932 1421 2020; baseline 0.003 -23"><span class='ocrx_word' id='word_1_137' title='bbox 217 1933 298 1997; x_wconf 87' lang='lat' dir='ltr'><strong>dicti</strong></span> <span class='ocrx_word' id='word_1_138' title='bbox 324 1954 412 1997; x_wconf 91' lang='lat' dir='ltr'><strong>nunc</strong></span> <span class='ocrx_word' id='word_1_139' title='bbox 443 1932 598 2017; x_wconf 82' lang='lat' dir='ltr'><strong>Episcopi</strong></span> <span class='ocrx_word' id='word_1_140' title='bbox 627 1934 753 1999; x_wconf 83' lang='lat' dir='ltr'><strong>saisitus</strong></span> <span class='ocrx_word' id='word_1_141' title='bbox 783 1934 845 1999; x_wconf 88' lang='lat' dir='ltr'><strong>suit</strong></span> <span class='ocrx_word' id='word_1_142' title='bbox 874 1933 916 1998; x_wconf 93' lang='lat' dir='ltr'><strong>de</strong></span> <span class='ocrx_word' id='word_1_143' title='bbox 945 1933 1099 2018; x_wconf 89' lang='lat' dir='ltr'><strong>predictis</strong></span> <span class='ocrx_word' id='word_1_144' title='bbox 1128 1934 1316 2020; x_wconf 86' lang='lat' dir='ltr'><strong>messuagiis</strong></span> <span class='ocrx_word' id='word_1_145' title='bbox 1345 1958 1421 2001; x_wconf 90' lang='lat' dir='ltr'><strong>cum</strong></span> 
     </span>
     <span class='ocr_line' id='line_1_18' title="bbox 216 2017 1420 2105; baseline 0.003 -23"><span class='ocrx_word' id='word_1_146' title='bbox 216 2017 421 2102; x_wconf 86' lang='lat' dir='ltr'><strong>pertinentiis</strong></span> <span class='ocrx_word' id='word_1_147' title='bbox 439 2018 475 2082; x_wconf 90' lang='lat' dir='ltr'><strong>in</strong></span> <span class='ocrx_word' id='word_1_148' title='bbox 498 2018 639 2083; x_wconf 89' lang='lat' dir='ltr'><strong>dominio</strong></span> <span class='ocrx_word' id='word_1_149' title='bbox 663 2042 722 2084; x_wconf 90' lang='lat' dir='ltr'><strong>suo</strong></span> <span class='ocrx_word' id='word_1_150' title='bbox 739 2030 778 2084; x_wconf 91' lang='lat' dir='ltr'><strong>ut</strong></span> <span class='ocrx_word' id='word_1_151' title='bbox 796 2019 837 2084; x_wconf 93' lang='lat' dir='ltr'><strong>de</strong></span> <span class='ocrx_word' id='word_1_152' title='bbox 855 2018 950 2084; x_wconf 79' lang='lat' dir='ltr'><strong>feodo</strong></span> <span class='ocrx_word' id='word_1_153' title='bbox 968 2031 1006 2085; x_wconf 92' lang='lat' dir='ltr'><strong>ut</strong></span> <span class='ocrx_word' id='word_1_154' title='bbox 1025 2020 1067 2085; x_wconf 89' lang='lat' dir='ltr'><strong>dc</strong></span> <span class='ocrx_word' id='word_1_155' title='bbox 1085 2019 1163 2105; x_wconf 89' lang='lat' dir='ltr'><strong>jure</strong></span> <span class='ocrx_word' id='word_1_156' title='bbox 1181 2020 1336 2085; x_wconf 79' lang='lat' dir='ltr'><strong>Ecclesiae</strong></span> <span class='ocrx_word' id='word_1_157' title='bbox 1354 2044 1420 2086; x_wconf 76' lang='lat' dir='ltr'><strong>sure</strong></span> 
     </span>
     <span class='ocr_line' id='line_1_19' title="bbox 108 2102 1421 2189; baseline 0.005 -22"><span class='ocrx_word' id='word_1_158' title='bbox 108 2144 132 2159; x_wconf 68' lang='lat'><strong><em>—</em></strong></span> <span class='ocrx_word' id='word_1_159' title='bbox 218 2104 330 2168; x_wconf 78' lang='lat' dir='ltr'><strong>Sancti</strong></span> <span class='ocrx_word' id='word_1_160' title='bbox 347 2102 495 2169; x_wconf 86' lang='lat' dir='ltr'><strong>Cohnani</strong></span> <span class='ocrx_word' id='word_1_161' title='bbox 512 2104 553 2168; x_wconf 85' lang='lat' dir='ltr'><strong>dc</strong></span> <span class='ocrx_word' id='word_1_162' title='bbox 572 2104 675 2169; x_wconf 84' lang='lat' dir='ltr'><strong>Clone</strong></span> <span class='ocrx_word' id='word_1_163' title='bbox 693 2118 838 2189; x_wconf 88' lang='lat' dir='ltr'><strong>tempore</strong></span> <span class='ocrx_word' id='word_1_164' title='bbox 854 2105 941 2189; x_wconf 85' lang='lat' dir='ltr'><strong>pacis</strong></span> <span class='ocrx_word' id='word_1_165' title='bbox 959 2117 1104 2189; x_wconf 85' lang='lat' dir='ltr'><strong>tempore</strong></span> <span class='ocrx_word' id='word_1_166' title='bbox 1123 2105 1246 2171; x_wconf 91' lang='lat' dir='ltr'><strong>domini</strong></span> <span class='ocrx_word' id='word_1_167' title='bbox 1264 2106 1421 2173; x_wconf 81' lang='lat' dir='ltr'><strong>Edwardi</strong></span> 
     </span>
     <span class='ocr_line' id='line_1_20' title="bbox 217 2188 1422 2277; baseline 0.004 -23"><span class='ocrx_word' id='word_1_168' title='bbox 217 2188 320 2275; x_wconf 87' lang='lat' dir='ltr'><strong>Regis</strong></span> <span class='ocrx_word' id='word_1_169' title='bbox 341 2188 396 2254; x_wconf 82' lang='lat' dir='ltr'><strong>avi</strong></span> <span class='ocrx_word' id='word_1_170' title='bbox 417 2188 540 2254; x_wconf 90' lang='lat' dir='ltr'><strong>domini</strong></span> <span class='ocrx_word' id='word_1_171' title='bbox 565 2190 721 2255; x_wconf 87' lang='lat' dir='ltr'><strong>Edwardi</strong></span> <span class='ocrx_word' id='word_1_172' title='bbox 747 2190 847 2277; x_wconf 86' lang='lat' dir='ltr'><strong>Regis</strong></span> <span class='ocrx_word' id='word_1_173' title='bbox 869 2213 970 2267; x_wconf 89' lang='lat' dir='ltr'><strong>nunc,</strong></span> <span class='ocrx_word' id='word_1_174' title='bbox 992 2190 1150 2275; x_wconf 85' lang='lat' dir='ltr'><strong>capiendo</strong></span> <span class='ocrx_word' id='word_1_175' title='bbox 1176 2190 1254 2256; x_wconf 87' lang='lat' dir='ltr'><strong>inde</strong></span> <span class='ocrx_word' id='word_1_176' title='bbox 1277 2191 1422 2276; x_wconf 78' lang='lat' dir='ltr'><strong>expletis</strong></span> 
     </span>
     <span class='ocr_line' id='line_1_21' title="bbox 218 2274 1420 2363; baseline 0.004 -25"><span class='ocrx_word' id='word_1_177' title='bbox 218 2286 279 2339; x_wconf 91' lang='lat' dir='ltr'><strong>etc.</strong></span> <span class='ocrx_word' id='word_1_178' title='bbox 301 2275 342 2339; x_wconf 85' lang='lat' dir='ltr'><strong>ad</strong></span> <span class='ocrx_word' id='word_1_179' title='bbox 362 2274 535 2341; x_wconf 75' lang='lat' dir='ltr'><strong>valentiam</strong></span> <span class='ocrx_word' id='word_1_180' title='bbox 552 2288 626 2353; x_wconf 83' lang='lat' dir='ltr'><strong>etc,</strong></span> <span class='ocrx_word' id='word_1_181' title='bbox 643 2288 676 2341; x_wconf 88' lang='lat' dir='ltr'><strong>et</strong></span> <span class='ocrx_word' id='word_1_182' title='bbox 693 2276 729 2341; x_wconf 94' lang='lat' dir='ltr'><strong>id</strong></span> <span class='ocrx_word' id='word_1_183' title='bbox 748 2276 812 2343; x_wconf 86' lang='lat' dir='ltr'><strong>tale</strong></span> <span class='ocrx_word' id='word_1_184' title='bbox 830 2276 871 2342; x_wconf 91' lang='lat' dir='ltr'><strong>sit</strong></span> <span class='ocrx_word' id='word_1_185' title='bbox 885 2278 941 2363; x_wconf 90' lang='lat' dir='ltr'><strong>jus</strong></span> <span class='ocrx_word' id='word_1_186' title='bbox 958 2299 1055 2341; x_wconf 90' lang='lat' dir='ltr'><strong>suum</strong></span> <span class='ocrx_word' id='word_1_187' title='bbox 1072 2289 1106 2342; x_wconf 87' lang='lat' dir='ltr'><strong>et</strong></span> <span class='ocrx_word' id='word_1_188' title='bbox 1117 2276 1174 2363; x_wconf 89' lang='lat' dir='ltr'><strong>jus</strong></span> <span class='ocrx_word' id='word_1_189' title='bbox 1191 2276 1332 2342; x_wconf 85' lang='lat' dir='ltr'><strong>ecclesiae</strong></span> <span class='ocrx_word' id='word_1_190' title='bbox 1353 2301 1420 2343; x_wconf 80' lang='lat' dir='ltr'><strong>suae</strong></span> 
     </span>
     <span class='ocr_line' id='line_1_22' title="bbox 218 2359 1420 2447; baseline 0.005 -22"><span class='ocrx_word' id='word_1_191' title='bbox 218 2359 330 2426; x_wconf 79' lang='lat' dir='ltr'><strong>Sancti</strong></span> <span class='ocrx_word' id='word_1_192' title='bbox 353 2360 501 2425; x_wconf 84' lang='lat' dir='ltr'><strong>Colmani</strong></span> <span class='ocrx_word' id='word_1_193' title='bbox 521 2361 562 2426; x_wconf 92' lang='lat' dir='ltr'><strong>de</strong></span> <span class='ocrx_word' id='word_1_194' title='bbox 583 2360 687 2427; x_wconf 86' lang='lat' dir='ltr'><strong>Clone</strong></span> <span class='ocrx_word' id='word_1_195' title='bbox 708 2362 846 2447; x_wconf 89' lang='lat' dir='ltr'><strong>predicti</strong></span> <span class='ocrx_word' id='word_1_196' title='bbox 867 2362 963 2428; x_wconf 87' lang='lat' dir='ltr'><strong>offert</strong></span> <span class='ocrx_word' id='word_1_197' title='bbox 986 2373 1106 2427; x_wconf 87' lang='lat' dir='ltr'><strong>sectam</strong></span> <span class='ocrx_word' id='word_1_198' title='bbox 1128 2362 1337 2429; x_wconf 82' lang='lat' dir='ltr'><strong>disrationare</strong></span> <span class='ocrx_word' id='word_1_199' title='bbox 1358 2376 1420 2431; x_wconf 86' lang='lat' dir='ltr'><strong>etc.</strong></span> 
     </span>
     <span class='ocr_line' id='line_1_23' title="bbox 219 2446 1420 2549; baseline 0.005 -40"><span class='ocrx_word' id='word_1_200' title='bbox 219 2446 265 2510; x_wconf 88' lang='lat' dir='ltr'><strong>Et</strong></span> <span class='ocrx_word' id='word_1_201' title='bbox 289 2446 437 2530; x_wconf 85' lang='lat' dir='ltr'><strong>predicta</strong></span> <span class='ocrx_word' id='word_1_202' title='bbox 460 2446 630 2526; x_wconf 86' lang='lat' dir='ltr'><strong>Katerina,</strong></span> <span class='ocrx_word' id='word_1_203' title='bbox 654 2448 833 2513; x_wconf 87' lang='lat' dir='ltr'><strong>Nicholsus</strong></span> <span class='ocrx_word' id='word_1_204' title='bbox 857 2446 968 2534; x_wconf 85' lang='lat' dir='ltr'><strong>[filius]</strong></span> <span class='ocrx_word' id='word_1_205' title='bbox 989 2446 1130 2513; x_wconf 85' lang='lat' dir='ltr'><strong>Walteri</strong></span> <span class='ocrx_word' id='word_1_206' title='bbox 1154 2470 1213 2533; x_wconf 89' lang='lat' dir='ltr'><strong>per</strong></span> <span class='ocrx_word' id='word_1_207' title='bbox 1242 2448 1420 2549; x_wconf 87' lang='lat' dir='ltr'><strong>Hugouem</strong></span> 
     </span>
     <span class='ocr_line' id='line_1_24' title="bbox 218 2530 1422 2621; baseline 0.002 -24"><span class='ocrx_word' id='word_1_208' title='bbox 218 2530 395 2617; x_wconf 84' lang='lat' dir='ltr'><strong>Possewyk</strong></span> <span class='ocrx_word' id='word_1_209' title='bbox 414 2554 527 2597; x_wconf 89' lang='lat' dir='ltr'><strong>eorum</strong></span> <span class='ocrx_word' id='word_1_210' title='bbox 548 2544 743 2599; x_wconf 86' lang='lat' dir='ltr'><strong>attornatum</strong></span> <span class='ocrx_word' id='word_1_211' title='bbox 760 2534 897 2599; x_wconf 83' lang='lat' dir='ltr'><strong>veniunt</strong></span> <span class='ocrx_word' id='word_1_212' title='bbox 917 2547 950 2600; x_wconf 88' lang='lat' dir='ltr'><strong>et</strong></span> <span class='ocrx_word' id='word_1_213' title='bbox 972 2532 1152 2599; x_wconf 80' lang='lat' dir='ltr'><strong>defendunt</strong></span> <span class='ocrx_word' id='word_1_214' title='bbox 1172 2534 1252 2611; x_wconf 85' lang='lat' dir='ltr'><strong>vim,</strong></span> <span class='ocrx_word' id='word_1_215' title='bbox 1267 2536 1422 2621; x_wconf 68' lang='lat' dir='ltr'><strong>injuriam</strong></span> 
     </span>
     <span class='ocr_line' id='line_1_25' title="bbox 218 2616 1421 2704; baseline 0.003 -25"><span class='ocrx_word' id='word_1_216' title='bbox 218 2626 253 2679; x_wconf 84' lang='lat' dir='ltr'><strong>et</strong></span> <span class='ocrx_word' id='word_1_217' title='bbox 262 2616 316 2701; x_wconf 89' lang='lat' dir='ltr'><strong>jus</strong></span> <span class='ocrx_word' id='word_1_218' title='bbox 332 2630 404 2697; x_wconf 83' lang='lat' dir='ltr'><strong>etc,</strong></span> <span class='ocrx_word' id='word_1_219' title='bbox 416 2618 476 2683; x_wconf 91' lang='lat' dir='ltr'><strong>ubi</strong></span> <span class='ocrx_word' id='word_1_220' title='bbox 490 2630 523 2683; x_wconf 90' lang='lat' dir='ltr'><strong>et</strong></span> <span class='ocrx_word' id='word_1_221' title='bbox 538 2619 668 2704; x_wconf 88' lang='lat' dir='ltr'><strong>quando</strong></span> <span class='ocrx_word' id='word_1_222' title='bbox 684 2632 764 2696; x_wconf 90' lang='lat' dir='ltr'><strong>etc.;</strong></span> <span class='ocrx_word' id='word_1_223' title='bbox 784 2620 907 2704; x_wconf 87' lang='lat' dir='ltr'><strong>petiere</strong></span> <span class='ocrx_word' id='word_1_224' title='bbox 921 2618 999 2685; x_wconf 89' lang='lat' dir='ltr'><strong>inde</strong></span> <span class='ocrx_word' id='word_1_225' title='bbox 1012 2620 1117 2684; x_wconf 87' lang='lat' dir='ltr'><strong>visum</strong></span> <span class='ocrx_word' id='word_1_226' title='bbox 1128 2630 1203 2697; x_wconf 79' lang='lat' dir='ltr'><strong>etc,</strong></span> <span class='ocrx_word' id='word_1_227' title='bbox 1213 2617 1335 2685; x_wconf 87' lang='lat' dir='ltr'><strong>habent</strong></span> <span class='ocrx_word' id='word_1_228' title='bbox 1346 2632 1421 2695; x_wconf 74' lang='lat' dir='ltr'><strong>etc„</strong></span> 
     </span>
     <span class='ocr_line' id='line_1_26' title="bbox 218 2701 1175 2781; baseline 0.001 -16"><span class='ocrx_word' id='word_1_229' title='bbox 218 2701 305 2765; x_wconf 87' lang='lat' dir='ltr'><strong>idem</strong></span> <span class='ocrx_word' id='word_1_230' title='bbox 320 2702 388 2767; x_wconf 87' lang='lat' dir='ltr'><strong>dics</strong></span> <span class='ocrx_word' id='word_1_231' title='bbox 404 2704 497 2768; x_wconf 87' lang='lat' dir='ltr'><strong>datus</strong></span> <span class='ocrx_word' id='word_1_232' title='bbox 512 2716 573 2781; x_wconf 90' lang='lat' dir='ltr'><strong>est,</strong></span> <span class='ocrx_word' id='word_1_233' title='bbox 588 2704 650 2769; x_wconf 89' lang='lat' dir='ltr'><strong>hoc</strong></span> <span class='ocrx_word' id='word_1_234' title='bbox 663 2717 712 2769; x_wconf 87' lang='lat' dir='ltr'><strong>est</strong></span> <span class='ocrx_word' id='word_1_235' title='bbox 726 2729 747 2769; x_wconf 89' lang='lat' dir='ltr'><strong>a</strong></span> <span class='ocrx_word' id='word_1_236' title='bbox 760 2705 812 2769; x_wconf 90' lang='lat' dir='ltr'><strong>die</strong></span> <span class='ocrx_word' id='word_1_237' title='bbox 830 2705 961 2769; x_wconf 81' lang='lat' dir='ltr'><strong>Paschae</strong></span> <span class='ocrx_word' id='word_1_238' title='bbox 975 2705 1011 2768; x_wconf 92' lang='lat' dir='ltr'><strong>in</strong></span> <span class='ocrx_word' id='word_1_239' title='bbox 1025 2727 1081 2771; x_wconf 81' lang='lat' dir='ltr'><strong>xv.</strong></span> <span class='ocrx_word' id='word_1_240' title='bbox 1095 2705 1175 2768; x_wconf 86' lang='lat' dir='ltr'><strong>diss.</strong></span> 
     </span>
    </p>

    <p class='ocr_par' dir='ltr' id='par_1_3' title="bbox 217 2786 1424 3039">
     <span class='ocr_line' id='line_1_27' title="bbox 261 2786 1422 2865; baseline 0.002 -14"><span class='ocrx_word' id='word_1_241' title='bbox 261 2786 370 2852; x_wconf 90' lang='lat' dir='ltr'><strong>Primo</strong></span> <span class='ocrx_word' id='word_1_242' title='bbox 386 2790 439 2852; x_wconf 90' lang='lat' dir='ltr'><strong>die</strong></span> <span class='ocrx_word' id='word_1_243' title='bbox 458 2801 604 2853; x_wconf 87' lang='lat' dir='ltr'><strong>tenentes</strong></span> <span class='ocrx_word' id='word_1_244' title='bbox 622 2789 675 2853; x_wconf 89' lang='lat' dir='ltr'><strong>del</strong></span> <span class='ocrx_word' id='word_1_245' title='bbox 692 2789 895 2854; x_wconf 88' lang='lat' dir='ltr'><strong>Irishestrete</strong></span> <span class='ocrx_word' id='word_1_246' title='bbox 914 2802 1064 2854; x_wconf 82' lang='lat' dir='ltr'><strong>assonant</strong></span> <span class='ocrx_word' id='word_1_247' title='bbox 1081 2800 1230 2854; x_wconf 84' lang='lat' dir='ltr'><strong>octavum</strong></span> <span class='ocrx_word' id='word_1_248' title='bbox 1241 2787 1422 2865; x_wconf 83' lang='lat' dir='ltr'><strong>Trinitatis,</strong></span> 
     </span>
     <span class='ocr_line' id='line_1_28' title="bbox 218 2872 1421 2958; baseline 0.001 -22"><span class='ocrx_word' id='word_1_249' title='bbox 218 2883 251 2937; x_wconf 90' lang='lat' dir='ltr'><strong>et</strong></span> <span class='ocrx_word' id='word_1_250' title='bbox 267 2872 390 2938; x_wconf 85' lang='lat' dir='ltr'><strong>habent</strong></span> <span class='ocrx_word' id='word_1_251' title='bbox 411 2873 498 2936; x_wconf 88' lang='lat' dir='ltr'><strong>diem</strong></span> <span class='ocrx_word' id='word_1_252' title='bbox 518 2872 553 2937; x_wconf 92' lang='lat' dir='ltr'><strong>in</strong></span> <span class='ocrx_word' id='word_1_253' title='bbox 576 2873 713 2938; x_wconf 85' lang='lat' dir='ltr'><strong>crastino</strong></span> <span class='ocrx_word' id='word_1_254' title='bbox 731 2874 923 2939; x_wconf 82' lang='lat' dir='ltr'><strong>Animarum</strong></span> <span class='ocrx_word' id='word_1_255' title='bbox 938 2896 1023 2937; x_wconf 90' lang='lat' dir='ltr'><strong>anno</strong></span> <span class='ocrx_word' id='word_1_256' title='bbox 1045 2874 1253 2955; x_wconf 86' lang='lat' dir='ltr'><strong>eodem,un</strong></span> <span class='ocrx_word' id='word_1_257' title='bbox 1276 2872 1329 2936; x_wconf 85' lang='lat' dir='ltr'><strong>die</strong></span> <span class='ocrx_word' id='word_1_258' title='bbox 1346 2895 1421 2958; x_wconf 84' lang='lat' dir='ltr'><strong>pre-</strong></span> 
     </span>
     <span class='ocr_line' id='line_1_29' title="bbox 217 2956 1424 3039; baseline 0.001 -18"><span class='ocrx_word' id='word_1_259' title='bbox 217 2969 325 3022; x_wconf 87' lang='lat' dir='ltr'><strong>sentes</strong></span> <span class='ocrx_word' id='word_1_260' title='bbox 346 2956 502 3039; x_wconf 85' lang='lat' dir='ltr'><strong>placitant</strong></span> <span class='ocrx_word' id='word_1_261' title='bbox 523 2969 558 3021; x_wconf 89' lang='lat' dir='ltr'><strong>et</strong></span> <span class='ocrx_word' id='word_1_262' title='bbox 578 2970 725 3022; x_wconf 88' lang='lat' dir='ltr'><strong>tenentes</strong></span> <span class='ocrx_word' id='word_1_263' title='bbox 746 2958 868 3023; x_wconf 86' lang='lat' dir='ltr'><strong>habent</strong></span> <span class='ocrx_word' id='word_1_264' title='bbox 885 2959 971 3022; x_wconf 87' lang='lat' dir='ltr'><strong>diem</strong></span> <span class='ocrx_word' id='word_1_265' title='bbox 988 2980 1045 3021; x_wconf 82' lang='lat' dir='ltr'><strong>xv.</strong></span> <span class='ocrx_word' id='word_1_266' title='bbox 1062 2957 1195 3021; x_wconf 65' lang='lat' dir='ltr'><strong>Pascha*</strong></span> <span class='ocrx_word' id='word_1_267' title='bbox 1214 2978 1298 3021; x_wconf 90' lang='lat' dir='ltr'><strong>anno</strong></span> <span class='ocrx_word' id='word_1_268' title='bbox 1315 2956 1361 3021; x_wconf 82' lang='lat' dir='ltr'><strong>xl.</strong></span> <span class='ocrx_word' id='word_1_269' title='bbox 1381 2958 1424 3022; x_wconf 88' lang='lat' dir='ltr'><strong>ad</strong></span> 
     </span>
    </p>

    <p class='ocr_par' dir='ltr' id='par_1_4' title="bbox 241 3040 1422 3110">
     <span class='ocr_line' id='line_1_30' title="bbox 241 3040 1422 3110; baseline 0.003 -3"><span class='ocrx_word' id='word_1_270' title='bbox 241 3064 319 3107; x_wconf 93' lang='lat' dir='ltr'><strong>uem</strong></span> <span class='ocrx_word' id='word_1_271' title='bbox 341 3040 428 3105; x_wconf 90' lang='lat' dir='ltr'><strong>diem</strong></span> <span class='ocrx_word' id='word_1_272' title='bbox 449 3052 595 3107; x_wconf 87' lang='lat' dir='ltr'><strong>tenentes</strong></span> <span class='ocrx_word' id='word_1_273' title='bbox 616 3055 766 3107; x_wconf 78' lang='lat' dir='ltr'><strong>assonant</strong></span> <span class='ocrx_word' id='word_1_274' title='bbox 783 3064 885 3107; x_wconf 89' lang='lat' dir='ltr'><strong>unum</strong></span> <span class='ocrx_word' id='word_1_275' title='bbox 901 3042 1056 3107; x_wconf 78' lang='lat' dir='ltr'><strong>visumst</strong></span> <span class='ocrx_word' id='word_1_276' title='bbox 1073 3040 1348 3107; x_wconf 86' lang='lat' dir='ltr'><strong>habentdiemin</strong></span> <span class='ocrx_word' id='word_1_277' title='bbox 1365 3066 1422 3110; x_wconf 81' lang='lat' dir='ltr'><strong>xv.</strong></span> 
     </span>
    </p>

    <p class='ocr_par' dir='ltr' id='par_1_5' title="bbox 214 3125 1424 3978">
     <span class='ocr_line' id='line_1_31' title="bbox 257 3125 1422 3212; baseline 0.003 -20"><span class='ocrx_word' id='word_1_278' title='bbox 257 3125 391 3192; x_wconf 89' lang='lat' dir='ltr'><strong>ichaelis</strong></span> <span class='ocrx_word' id='word_1_279' title='bbox 418 3147 502 3191; x_wconf 87' lang='lat' dir='ltr'><strong>anno</strong></span> <span class='ocrx_word' id='word_1_280' title='bbox 530 3128 656 3205; x_wconf 90' lang='lat' dir='ltr'><strong>eodem,</strong></span> <span class='ocrx_word' id='word_1_281' title='bbox 680 3128 722 3192; x_wconf 92' lang='lat' dir='ltr'><strong>ad</strong></span> <span class='ocrx_word' id='word_1_282' title='bbox 771 3150 846 3193; x_wconf 88' lang='lat' dir='ltr'><strong>uem</strong></span> <span class='ocrx_word' id='word_1_283' title='bbox 869 3127 955 3192; x_wconf 89' lang='lat' dir='ltr'><strong>diem</strong></span> <span class='ocrx_word' id='word_1_284' title='bbox 983 3138 1128 3191; x_wconf 79' lang='lat' dir='ltr'><strong>tenentes</strong></span> <span class='ocrx_word' id='word_1_285' title='bbox 1154 3137 1273 3212; x_wconf 90' lang='lat' dir='ltr'><strong>petunt</strong></span> <span class='ocrx_word' id='word_1_286' title='bbox 1296 3128 1422 3195; x_wconf 89' lang='lat' dir='ltr'><strong>indem-</strong></span> 
     </span>
     <span class='ocr_line' id='line_1_32' title="bbox 218 3151 1422 3300; baseline 0.006 -25"><span class='ocrx_word' id='word_1_287' title='bbox 218 3214 351 3277; x_wconf 84' lang='lat' dir='ltr'><strong>nitatem</strong></span> <span class='ocrx_word' id='word_1_288' title='bbox 373 3212 415 3275; x_wconf 89' lang='lat' dir='ltr'><strong>de</strong></span> <span class='ocrx_word' id='word_1_289' title='bbox 436 3211 541 3293; x_wconf 83' lang='lat' dir='ltr'><strong>brevi,</strong></span> <span class='ocrx_word' id='word_1_290' title='bbox 563 3214 604 3278; x_wconf 92' lang='lat' dir='ltr'><strong>de</strong></span> <span class='ocrx_word' id='word_1_291' title='bbox 627 3236 665 3277; x_wconf 90' lang='lat' dir='ltr'><strong>eo</strong></span> <span class='ocrx_word' id='word_1_292' title='bbox 688 3151 777 3300; x_wconf 71' lang='lat' dir='ltr'><strong>quod</strong></span> <span class='ocrx_word' id='word_1_293' title='bbox 797 3213 861 3298; x_wconf 92' lang='lat' dir='ltr'><strong>ipsi</strong></span> <span class='ocrx_word' id='word_1_294' title='bbox 883 3225 1041 3298; x_wconf 76' lang='lat' dir='ltr'><strong>reponent</strong></span> <span class='ocrx_word' id='word_1_295' title='bbox 1062 3213 1118 3279; x_wconf 90' lang='lat' dir='ltr'><strong>the</strong></span> <span class='ocrx_word' id='word_1_296' title='bbox 1138 3212 1331 3299; x_wconf 84' lang='lat' dir='ltr'><strong>Iryscheton</strong></span> <span class='ocrx_word' id='word_1_297' title='bbox 1352 3238 1422 3283; x_wconf 88' lang='lat' dir='ltr'><strong>esse</strong></span> 
     </span>
     <span class='ocr_line' id='line_1_33' title="bbox 214 3296 1424 3385; baseline 0.004 -23"><span class='ocrx_word' id='word_1_298' title='bbox 214 3298 310 3384; x_wconf 82' lang='lat' dir='ltr'><strong>juxta</strong></span> <span class='ocrx_word' id='word_1_299' title='bbox 326 3296 429 3363; x_wconf 91' lang='lat' dir='ltr'><strong>Clone</strong></span> <span class='ocrx_word' id='word_1_300' title='bbox 452 3322 518 3383; x_wconf 86' lang='lat' dir='ltr'><strong>qua</strong></span> <span class='ocrx_word' id='word_1_301' title='bbox 535 3299 576 3363; x_wconf 90' lang='lat' dir='ltr'><strong>de</strong></span> <span class='ocrx_word' id='word_1_302' title='bbox 598 3310 690 3384; x_wconf 86' lang='lat' dir='ltr'><strong>parte</strong></span> <span class='ocrx_word' id='word_1_303' title='bbox 712 3298 744 3365; x_wconf 85' lang='lat' dir='ltr'><strong>le</strong></span> <span class='ocrx_word' id='word_1_304' title='bbox 766 3299 939 3385; x_wconf 85' lang='lat' dir='ltr'><strong>Irysheton</strong></span> <span class='ocrx_word' id='word_1_305' title='bbox 961 3310 1010 3365; x_wconf 92' lang='lat' dir='ltr'><strong>est</strong></span> <span class='ocrx_word' id='word_1_306' title='bbox 1030 3299 1065 3365; x_wconf 92' lang='lat' dir='ltr'><strong>in</strong></span> <span class='ocrx_word' id='word_1_307' title='bbox 1081 3298 1184 3366; x_wconf 84' lang='lat' dir='ltr'><strong>Olonc</strong></span> <span class='ocrx_word' id='word_1_308' title='bbox 1206 3311 1239 3366; x_wconf 91' lang='lat' dir='ltr'><strong>et</strong></span> <span class='ocrx_word' id='word_1_309' title='bbox 1259 3324 1326 3368; x_wconf 91' lang='lat' dir='ltr'><strong>non</strong></span> <span class='ocrx_word' id='word_1_310' title='bbox 1343 3302 1424 3370; x_wconf 87' lang='lat' dir='ltr'><strong>villa</strong></span> 
     </span>
     <span class='ocr_line' id='line_1_34' title="bbox 219 3382 1423 3470; baseline 0.004 -22"><span class='ocrx_word' id='word_1_311' title='bbox 219 3404 326 3467; x_wconf 92' lang='lat' dir='ltr'><strong>neque</strong></span> <span class='ocrx_word' id='word_1_312' title='bbox 347 3382 486 3449; x_wconf 87' lang='lat' dir='ltr'><strong>hamelle</strong></span> <span class='ocrx_word' id='word_1_313' title='bbox 508 3407 567 3470; x_wconf 89' lang='lat' dir='ltr'><strong>per</strong></span> <span class='ocrx_word' id='word_1_314' title='bbox 584 3408 630 3463; x_wconf 86' lang='lat' dir='ltr'><strong>se,</strong></span> <span class='ocrx_word' id='word_1_315' title='bbox 645 3397 679 3450; x_wconf 90' lang='lat' dir='ltr'><strong>et</strong></span> <span class='ocrx_word' id='word_1_316' title='bbox 696 3386 741 3451; x_wconf 91' lang='lat' dir='ltr'><strong>sic</strong></span> <span class='ocrx_word' id='word_1_317' title='bbox 761 3408 820 3470; x_wconf 91' lang='lat' dir='ltr'><strong>per</strong></span> <span class='ocrx_word' id='word_1_318' title='bbox 842 3397 1038 3451; x_wconf 89' lang='lat' dir='ltr'><strong>attornatum</strong></span> <span class='ocrx_word' id='word_1_319' title='bbox 1052 3385 1115 3452; x_wconf 79' lang='lat' dir='ltr'><strong>suit</strong></span> <span class='ocrx_word' id='word_1_320' title='bbox 1128 3386 1339 3453; x_wconf 82' lang='lat' dir='ltr'><strong>verificatum.</strong></span> <span class='ocrx_word' id='word_1_321' title='bbox 1376 3389 1423 3453; x_wconf 86' lang='lat' dir='ltr'><strong>Et</strong></span> 
     </span>
     <span class='ocr_line' id='line_1_35' title="bbox 219 3468 1423 3559; baseline 0.003 -26"><span class='ocrx_word' id='word_1_322' title='bbox 219 3468 401 3554; x_wconf 82' lang='lat' dir='ltr'><strong>Episcopus</strong></span> <span class='ocrx_word' id='word_1_323' title='bbox 416 3492 475 3555; x_wconf 87' lang='lat' dir='ltr'><strong>per</strong></span> <span class='ocrx_word' id='word_1_324' title='bbox 493 3482 689 3536; x_wconf 88' lang='lat' dir='ltr'><strong>attornatum</strong></span> <span class='ocrx_word' id='word_1_325' title='bbox 707 3496 801 3537; x_wconf 91' lang='lat' dir='ltr'><strong>suum</strong></span> <span class='ocrx_word' id='word_1_326' title='bbox 820 3472 900 3537; x_wconf 90' lang='lat' dir='ltr'><strong>dicit</strong></span> <span class='ocrx_word' id='word_1_327' title='bbox 917 3472 1008 3559; x_wconf 89' lang='lat' dir='ltr'><strong>quod</strong></span> <span class='ocrx_word' id='word_1_328' title='bbox 1025 3471 1219 3559; x_wconf 87' lang='lat' dir='ltr'><strong>Iryscheton</strong></span> <span class='ocrx_word' id='word_1_329' title='bbox 1236 3486 1287 3538; x_wconf 87' lang='lat' dir='ltr'><strong>est</strong></span> <span class='ocrx_word' id='word_1_330' title='bbox 1302 3472 1423 3538; x_wconf 87' lang='lat' dir='ltr'><strong>hamell</strong></span> 
     </span>
     <span class='ocr_line' id='line_1_36' title="bbox 220 3554 1422 3642; baseline 0.002 -25"><span class='ocrx_word' id='word_1_331' title='bbox 220 3554 347 3638; x_wconf 87' lang='lat' dir='ltr'><strong>cognita</strong></span> <span class='ocrx_word' id='word_1_332' title='bbox 368 3577 428 3639; x_wconf 82' lang='lat' dir='ltr'><strong>pro</strong></span> <span class='ocrx_word' id='word_1_333' title='bbox 450 3556 568 3621; x_wconf 84' lang='lat' dir='ltr'><strong>hamell</strong></span> <span class='ocrx_word' id='word_1_334' title='bbox 590 3567 624 3622; x_wconf 86' lang='lat' dir='ltr'><strong>et</strong></span> <span class='ocrx_word' id='word_1_335' title='bbox 651 3580 717 3622; x_wconf 93' lang='lat' dir='ltr'><strong>non</strong></span> <span class='ocrx_word' id='word_1_336' title='bbox 739 3559 844 3623; x_wconf 87' lang='lat' dir='ltr'><strong>estin</strong></span> <span class='ocrx_word' id='word_1_337' title='bbox 867 3558 983 3639; x_wconf 86' lang='lat' dir='ltr'><strong>Clone,</strong></span> <span class='ocrx_word' id='word_1_338' title='bbox 1004 3570 1038 3623; x_wconf 90' lang='lat' dir='ltr'><strong>et</strong></span> <span class='ocrx_word' id='word_1_339' title='bbox 1061 3560 1107 3623; x_wconf 91' lang='lat' dir='ltr'><strong>sic</strong></span> <span class='ocrx_word' id='word_1_340' title='bbox 1128 3568 1219 3642; x_wconf 85' lang='lat' dir='ltr'><strong>patet</strong></span> <span class='ocrx_word' id='word_1_341' title='bbox 1239 3558 1400 3621; x_wconf 85' lang='lat' dir='ltr'><strong>verificari</strong></span> <span class='ocrx_word' id='word_1_342' title='bbox 1412 3581 1422 3632; x_wconf 73' lang='grc' dir='ltr'><strong><em>ς</em></strong></span> 
     </span>
     <span class='ocr_line' id='line_1_37' title="bbox 218 3637 1424 3729; baseline 0.002 -27"><span class='ocrx_word' id='word_1_343' title='bbox 218 3637 364 3704; x_wconf 86' lang='lat' dir='ltr'><strong>similiter</strong></span> <span class='ocrx_word' id='word_1_344' title='bbox 381 3638 461 3705; x_wconf 85' lang='lat' dir='ltr'><strong>fiant</strong></span> <span class='ocrx_word' id='word_1_345' title='bbox 481 3641 558 3707; x_wconf 90' lang='lat' dir='ltr'><strong>iude</strong></span> <span class='ocrx_word' id='word_1_346' title='bbox 576 3642 665 3729; x_wconf 87' lang='lat' dir='ltr'><strong>jura,</strong></span> <span class='ocrx_word' id='word_1_347' title='bbox 682 3655 716 3708; x_wconf 87' lang='lat' dir='ltr'><strong>et</strong></span> <span class='ocrx_word' id='word_1_348' title='bbox 736 3644 832 3709; x_wconf 91' lang='lat' dir='ltr'><strong>modo</strong></span> <span class='ocrx_word' id='word_1_349' title='bbox 854 3644 994 3709; x_wconf 87' lang='lat' dir='ltr'><strong>habeant</strong></span> <span class='ocrx_word' id='word_1_350' title='bbox 1011 3644 1098 3706; x_wconf 91' lang='lat' dir='ltr'><strong>diem</strong></span> <span class='ocrx_word' id='word_1_351' title='bbox 1119 3654 1270 3706; x_wconf 81' lang='lat' dir='ltr'><strong>octavum</strong></span> <span class='ocrx_word' id='word_1_352' title='bbox 1288 3640 1424 3705; x_wconf 85' lang='lat' dir='ltr'><strong>Hillarii</strong></span> 
     </span>
     <span class='ocr_line' id='line_1_38' title="bbox 219 3721 1423 3811; baseline 0.002 -24"><span class='ocrx_word' id='word_1_353' title='bbox 219 3745 302 3788; x_wconf 89' lang='lat' dir='ltr'><strong>anno</strong></span> <span class='ocrx_word' id='word_1_354' title='bbox 327 3724 373 3788; x_wconf 84' lang='lat' dir='ltr'><strong>xl.</strong></span> <span class='ocrx_word' id='word_1_355' title='bbox 389 3725 432 3789; x_wconf 88' lang='lat' dir='ltr'><strong>ad</strong></span> <span class='ocrx_word' id='word_1_356' title='bbox 456 3750 554 3811; x_wconf 89' lang='lat' dir='ltr'><strong>quem</strong></span> <span class='ocrx_word' id='word_1_357' title='bbox 578 3728 664 3793; x_wconf 84' lang='lat' dir='ltr'><strong>diem</strong></span> <span class='ocrx_word' id='word_1_358' title='bbox 688 3739 834 3795; x_wconf 84' lang='lat' dir='ltr'><strong>tenentes</strong></span> <span class='ocrx_word' id='word_1_359' title='bbox 858 3738 1019 3802; x_wconf 80' lang='lat' dir='ltr'><strong>assonant,</strong></span> <span class='ocrx_word' id='word_1_360' title='bbox 1034 3724 1122 3790; x_wconf 89' lang='lat' dir='ltr'><strong>uude</strong></span> <span class='ocrx_word' id='word_1_361' title='bbox 1151 3725 1222 3787; x_wconf 88' lang='lat' dir='ltr'><strong>&#39;ura</strong></span> <span class='ocrx_word' id='word_1_362' title='bbox 1246 3734 1280 3786; x_wconf 93' lang='lat' dir='ltr'><strong>et</strong></span> <span class='ocrx_word' id='word_1_363' title='bbox 1301 3721 1423 3791; x_wconf 87' lang='lat' dir='ltr'><strong>habent</strong></span> 
     </span>
     <span class='ocr_line' id='line_1_39' title="bbox 219 3808 1423 3897; baseline 0.001 -24"><span class='ocrx_word' id='word_1_364' title='bbox 219 3809 304 3874; x_wconf 87' lang='lat' dir='ltr'><strong>diem</strong></span> <span class='ocrx_word' id='word_1_365' title='bbox 321 3810 366 3875; x_wconf 90' lang='lat' dir='ltr'><strong>sic</strong></span> <span class='ocrx_word' id='word_1_366' title='bbox 382 3809 513 3877; x_wconf 83' lang='lat' dir='ltr'><strong>alteram</strong></span> <span class='ocrx_word' id='word_1_367' title='bbox 530 3825 674 3879; x_wconf 85' lang='lat' dir='ltr'><strong>octavam</strong></span> <span class='ocrx_word' id='word_1_368' title='bbox 690 3814 858 3880; x_wconf 81' lang='lat' dir='ltr'><strong>Trinitatis</strong></span> <span class='ocrx_word' id='word_1_369' title='bbox 877 3816 918 3878; x_wconf 92' lang='lat' dir='ltr'><strong>ad</strong></span> <span class='ocrx_word' id='word_1_370' title='bbox 933 3832 1032 3897; x_wconf 89' lang='lat' dir='ltr'><strong>quem</strong></span> <span class='ocrx_word' id='word_1_371' title='bbox 1050 3810 1137 3873; x_wconf 90' lang='lat' dir='ltr'><strong>diem</strong></span> <span class='ocrx_word' id='word_1_372' title='bbox 1184 3808 1340 3874; x_wconf 89' lang='lat' dir='ltr'><strong>icecomes</strong></span> <span class='ocrx_word' id='word_1_373' title='bbox 1353 3832 1423 3875; x_wconf 90' lang='lat' dir='ltr'><strong>non</strong></span> 
     </span>
     <span class='ocr_line' id='line_1_40' title="bbox 216 3895 1159 3978; baseline 0 -20"><span class='ocrx_word' id='word_1_374' title='bbox 216 3896 395 3961; x_wconf 81' lang='lat' dir='ltr'><strong>returnavit</strong></span> <span class='ocrx_word' id='word_1_375' title='bbox 410 3895 507 3961; x_wconf 87' lang='lat' dir='ltr'><strong>breve</strong></span> <span class='ocrx_word' id='word_1_376' title='bbox 523 3898 653 3978; x_wconf 88' lang='lat' dir='ltr'><strong>deinde,</strong></span> <span class='ocrx_word' id='word_1_377' title='bbox 667 3898 754 3964; x_wconf 88' lang='lat' dir='ltr'><strong>idem</strong></span> <span class='ocrx_word' id='word_1_378' title='bbox 770 3901 815 3963; x_wconf 88' lang='lat' dir='ltr'><strong>sic</strong></span> <span class='ocrx_word' id='word_1_379' title='bbox 830 3911 943 3964; x_wconf 88' lang='lat' dir='ltr'><strong>octava</strong></span> <span class='ocrx_word' id='word_1_380' title='bbox 957 3895 1159 3961; x_wconf 86' lang='lat' dir='ltr'><strong>Animarum.</strong></span> 
     </span>
    </p>

    <p class='ocr_par' dir='ltr' id='par_1_6' title="bbox 218 3978 1579 4322">
     <span class='ocr_line' id='line_1_41' title="bbox 262 3978 1579 4068; baseline 0.004 -25"><span class='ocrx_word' id='word_1_381' title='bbox 262 3979 463 4066; x_wconf 83' lang='lat' dir='ltr'><strong>Baldwynus</strong></span> <span class='ocrx_word' id='word_1_382' title='bbox 478 3982 637 4068; x_wconf 89' lang='lat' dir='ltr'><strong>Hodynet</strong></span> <span class='ocrx_word' id='word_1_383' title='bbox 651 3984 730 4050; x_wconf 85' lang='lat' dir='ltr'><strong>fecit</strong></span> <span class='ocrx_word' id='word_1_384' title='bbox 745 3984 874 4050; x_wconf 88' lang='lat' dir='ltr'><strong>domiuo</strong></span> <span class='ocrx_word' id='word_1_385' title='bbox 889 3980 1075 4066; x_wconf 83' lang='lat' dir='ltr'><strong>homagium</strong></span> <span class='ocrx_word' id='word_1_386' title='bbox 1087 3991 1121 4044; x_wconf 89' lang='lat' dir='ltr'><strong>et</strong></span> <span class='ocrx_word' id='word_1_387' title='bbox 1132 3978 1320 4046; x_wconf 86' lang='lat' dir='ltr'><strong>fidelitatem</strong></span> <span class='ocrx_word' id='word_1_388' title='bbox 1332 3982 1422 4068; x_wconf 87' lang='lat' dir='ltr'><strong>apud</strong></span> <span class='ocrx_word' id='word_1_389' title='bbox 1443 3989 1579 4054; x_wconf 74' lang='lat' dir='ltr'><strong>Moyashe·</strong></span> 
     </span>
     <span class='ocr_line' id='line_1_42' title="bbox 219 4063 1421 4153; baseline 0 -23"><span class='ocrx_word' id='word_1_390' title='bbox 219 4063 322 4130; x_wconf 89' lang='lat' dir='ltr'><strong>Cloue</strong></span> <span class='ocrx_word' id='word_1_391' title='bbox 349 4066 404 4131; x_wconf 89' lang='lat' dir='ltr'><strong>die</strong></span> <span class='ocrx_word' id='word_1_392' title='bbox 432 4068 590 4133; x_wconf 91' lang='lat' dir='ltr'><strong>Mercurii</strong></span> <span class='ocrx_word' id='word_1_393' title='bbox 614 4070 764 4153; x_wconf 86' lang='lat' dir='ltr'><strong>proximo</strong></span> <span class='ocrx_word' id='word_1_394' title='bbox 792 4080 865 4153; x_wconf 89' lang='lat' dir='ltr'><strong>post</strong></span> <span class='ocrx_word' id='word_1_395' title='bbox 893 4068 1011 4132; x_wconf 75' lang='lat' dir='ltr'><strong>festum</strong></span> <span class='ocrx_word' id='word_1_396' title='bbox 1038 4065 1192 4129; x_wconf 88' lang='lat' dir='ltr'><strong>Omnium</strong></span> <span class='ocrx_word' id='word_1_397' title='bbox 1218 4066 1421 4146; x_wconf 87' lang='lat' dir='ltr'><strong>Sanctorum,</strong></span> 
     </span>
     <span class='ocr_line' id='line_1_43' title="bbox 218 4151 1420 4238; baseline 0.001 -24"><span class='ocrx_word' id='word_1_398' title='bbox 218 4173 302 4215; x_wconf 87' lang='lat' dir='ltr'><strong>anno</strong></span> <span class='ocrx_word' id='word_1_399' title='bbox 330 4152 416 4238; x_wconf 85' lang='lat' dir='ltr'><strong>regis</strong></span> <span class='ocrx_word' id='word_1_400' title='bbox 447 4153 603 4218; x_wconf 82' lang='lat' dir='ltr'><strong>Edwardi</strong></span> <span class='ocrx_word' id='word_1_401' title='bbox 632 4154 735 4218; x_wconf 86' lang='lat' dir='ltr'><strong>Tertii</strong></span> <span class='ocrx_word' id='word_1_402' title='bbox 756 4154 828 4233; x_wconf 81' lang='lat' dir='ltr'><strong>xli,</strong></span> <span class='ocrx_word' id='word_1_403' title='bbox 854 4166 887 4218; x_wconf 91' lang='lat' dir='ltr'><strong>et</strong></span> <span class='ocrx_word' id='word_1_404' title='bbox 909 4152 1062 4236; x_wconf 85' lang='lat' dir='ltr'><strong>cognovit</strong></span> <span class='ocrx_word' id='word_1_405' title='bbox 1087 4162 1198 4217; x_wconf 89' lang='lat' dir='ltr'><strong>tenere</strong></span> <span class='ocrx_word' id='word_1_406' title='bbox 1225 4152 1267 4218; x_wconf 89' lang='lat' dir='ltr'><strong>dc</strong></span> <span class='ocrx_word' id='word_1_407' title='bbox 1290 4151 1420 4216; x_wconf 90' lang='lat' dir='ltr'><strong>domino</strong></span> 
     </span>
     <span class='ocr_line' id='line_1_44' title="bbox 218 4235 1420 4322; baseline 0.001 -22"><span class='ocrx_word' id='word_1_408' title='bbox 218 4235 378 4322; x_wconf 87' lang='lat' dir='ltr'><strong>Moyashe</strong></span> <span class='ocrx_word' id='word_1_409' title='bbox 403 4240 620 4304; x_wconf 87' lang='lat' dir='ltr'><strong>continentem</strong></span> <span class='ocrx_word' id='word_1_410' title='bbox 642 4240 678 4304; x_wconf 88' lang='lat' dir='ltr'><strong>in</strong></span> <span class='ocrx_word' id='word_1_411' title='bbox 702 4260 735 4303; x_wconf 86' lang='lat' dir='ltr'><strong>se</strong></span> <span class='ocrx_word' id='word_1_412' title='bbox 756 4261 814 4302; x_wconf 90' lang='lat'>1111.</span> <span class='ocrx_word' id='word_1_413' title='bbox 840 4250 1004 4303; x_wconf 85' lang='lat' dir='ltr'><strong>carucatas</strong></span> <span class='ocrx_word' id='word_1_414' title='bbox 1026 4250 1133 4315; x_wconf 78' lang='lat' dir='ltr'><strong>terrae,</strong></span> <span class='ocrx_word' id='word_1_415' title='bbox 1154 4236 1247 4304; x_wconf 76' lang='lat' dir='ltr'><strong>vidlt.</strong></span> <span class='ocrx_word' id='word_1_416' title='bbox 1272 4247 1420 4319; x_wconf 84' lang='lat' dir='ltr'><strong>quartam</strong></span> 
     </span>
    </p>

    <p class='ocr_par' dir='ltr' id='par_1_7' title="bbox 173 4316 1419 4496">
     <span class='ocr_line' id='line_1_45' title="bbox 173 4316 1419 4409; baseline 0 -22"><span class='ocrx_word' id='word_1_417' title='bbox 173 4316 182 4331; x_wconf 88' lang='lat'>&#39;</span> <span class='ocrx_word' id='word_1_418' title='bbox 216 4336 344 4406; x_wconf 88' lang='lat' dir='ltr'><strong>partem</strong></span> <span class='ocrx_word' id='word_1_419' title='bbox 365 4321 453 4389; x_wconf 87' lang='lat' dir='ltr'><strong>feodi</strong></span> <span class='ocrx_word' id='word_1_420' title='bbox 474 4324 596 4403; x_wconf 90' lang='lat' dir='ltr'><strong>militis,</strong></span> <span class='ocrx_word' id='word_1_421' title='bbox 617 4348 677 4409; x_wconf 86' lang='lat' dir='ltr'><strong>per</strong></span> <span class='ocrx_word' id='word_1_422' title='bbox 699 4324 830 4390; x_wconf 84' lang='lat' dir='ltr'><strong>servitia</strong></span> <span class='ocrx_word' id='word_1_423' title='bbox 850 4323 883 4388; x_wconf 92' lang='lat' dir='ltr'><strong>ii.</strong></span> <span class='ocrx_word' id='word_1_424' title='bbox 903 4345 1081 4388; x_wconf 83' lang='lat' dir='ltr'><strong>marcarum</strong></span> <span class='ocrx_word' id='word_1_425' title='bbox 1103 4346 1162 4407; x_wconf 88' lang='lat' dir='ltr'><strong>per</strong></span> <span class='ocrx_word' id='word_1_426' title='bbox 1184 4342 1316 4397; x_wconf 87' lang='lat' dir='ltr'><strong>annum,</strong></span> <span class='ocrx_word' id='word_1_427' title='bbox 1334 4342 1419 4387; x_wconf 88' lang='lat' dir='ltr'><strong>com·</strong></span> 
     </span>
     <span class='ocr_line' id='line_1_46' title="bbox 217 4408 1332 4496; baseline -0.002 -23"><span class='ocrx_word' id='word_1_428' title='bbox 217 4408 325 4475; x_wconf 88' lang='lat' dir='ltr'><strong>munis</strong></span> <span class='ocrx_word' id='word_1_429' title='bbox 341 4420 434 4477; x_wconf 86' lang='lat' dir='ltr'><strong>sectae</strong></span> <span class='ocrx_word' id='word_1_430' title='bbox 449 4410 546 4477; x_wconf 86' lang='lat' dir='ltr'><strong>curiae</strong></span> <span class='ocrx_word' id='word_1_431' title='bbox 562 4410 602 4477; x_wconf 89' lang='lat' dir='ltr'><strong>de</strong></span> <span class='ocrx_word' id='word_1_432' title='bbox 618 4410 734 4489; x_wconf 78' lang='lat' dir='ltr'><strong>Olore,</strong></span> <span class='ocrx_word' id='word_1_433' title='bbox 748 4410 890 4496; x_wconf 81' lang='lat' dir='ltr'><strong>homagii</strong></span> <span class='ocrx_word' id='word_1_434' title='bbox 905 4420 937 4475; x_wconf 88' lang='lat' dir='ltr'><strong>et</strong></span> <span class='ocrx_word' id='word_1_435' title='bbox 951 4408 1113 4474; x_wconf 76' lang='lat' dir='ltr'><strong>fidelitatis</strong></span> <span class='ocrx_word' id='word_1_436' title='bbox 1126 4418 1187 4472; x_wconf 84' lang='lat' dir='ltr'><strong>stc.</strong></span> <span class='ocrx_word' id='word_1_437' title='bbox 1312 4442 1332 4487; x_wconf 66' lang='lat' dir='ltr'><strong>p</strong></span> 
     </span>
    </p>
   </div>
   <div class='ocr_carea' id='block_1_3' title="bbox 0 0 1926 5059">
    <p class='ocr_par' dir='ltr' id='par_1_8' title="bbox 0 0 1926 5059">
     <span class='ocr_line' id='line_1_47' title="bbox 0 0 1926 5059; baseline 0 0"><span class='ocrx_word' id='word_1_438' title='bbox 0 0 1926 5059; x_wconf 95' lang='lat' dir='ltr'><strong> </strong></span> 
     </span>
    </p>
   </div>
  </div>
 </body>
</html>
