3825 5059
812 469 855 539 51

216 678 430 721 successores
458 654 560 719 nostri
590 653 752 719 antedicto
783 654 805 717 J
807 651 926 717 ohanni
954 663 987 715 et
1021 650 1198 716 heredibus
1231 650 1297 716 suis
1325 662 1438 716 contra

219 765 339 806 ornnes
358 742 504 805 homines
524 740 810 806 warantizabimus.
857 740 901 802 Et
919 750 956 802 ut
974 738 1043 802 11100
1064 749 1173 802 nostra
1195 737 1325 803 donatio
1348 736 1437 802 sutu-

219 830 270 891 ris
293 828 496 911 temporibus
519 839 711 912 perpetuam
732 824 915 889 firmitatem
938 836 972 887 et
997 822 1099 888 robur
1121 824 1277 907 optineat,
1304 846 1437 908 presens

219 913 388 997 scriptum
417 914 516 998 sigilli
538 914 640 981 nostri
668 911 919 977 communitione
943 909 1097 974 duximus
1119 909 1351 985 roborandum,
1372 910 1437 974 hiis

221 1000 379 1077 testibus,
401 1012 462 1063 etc.

270 1171 405 1236 Serene
430 1182 596 1254 presentes
626 1182 659 1235 et
691 1168 795 1234 futuri
827 1168 916 1253 quod
946 1190 1007 1253 ego
1035 1166 1135 1253 Elyas
1164 1166 1250 1231 filius
1278 1166 1436 1233 Johannis
1450 1176 1617 1228 cloneomth.

224 1258 369 1321 Juvenis
395 1257 483 1335 dedi,
514 1257 668 1331 concessi,
699 1268 731 1320 et
760 1256 820 1319 hac
850 1254 995 1338 presenti
1024 1265 1113 1319 carta
1139 1276 1210 1317 mea
1240 1252 1437 1331 confirmavi,

224 1343 376 1407 Johanni
399 1343 421 1407 ‚J
424 1343 522 1408 uveni
548 1343 615 1407 filio
640 1365 712 1407 meo
745 1341 852 1405 omnia
883 1340 1075 1424 messuagia,
1100 1338 1297 1417 molendina,
1325 1350 1437 1418 terras,

225 1442 334 1512 prata,
350 1440 507 1513 pasturas,
522 1451 639 1504 moras,
657 1427 812 1506 turbaria,
831 1427 955 1504 boscos,
969 1426 1124 1509 virgulta,
1137 1426 1297 1505 redditus,
1312 1438 1345 1490 et
1360 1424 1437 1491 alias

225 1516 455 1598 possessiones,
471 1537 544 1579 cum
562 1514 868 1598 pertinentiisque
883 1512 937 1577 101
952 1535 1033 1596 quas
1051 1512 1153 1576 habeo
1171 1512 1207 1576 in
1223 1510 1437 1589 Cloncourth,

226 1614 291 1665 1010
315 1601 351 1663 10
374 1602 528 1665 comitatu
551 1602 715 1686 Lymerici
737 1622 834 1685 quam
855 1599 889 1661 in
912 1600 1066 1663 comitatu
1086 1598 1262 1683 Corcagiae,
1277 1621 1344 1663 una
1363 1621 1436 1662 cum

226 1686 369 1751 servitiis
384 1687 562 1751 liberorum
583 1686 763 1751 tenentium
779 1686 857 1749 dicti
878 1684 951 1763 loci,
967 1684 1052 1749 sicut
1073 1684 1178 1748 eidem
1201 1685 1223 1749 J
1225 1684 1346 1749 0110001
1360 1696 1437 1750 sunt

226 1773 360 1849 ostensi,
388 1773 553 1857 assignati,
581 1784 614 1837 et
643 1770 869 1856 peranrbulati,
896 1793 953 1854 per
982 1782 1084 1834 certas
1111 1782 1211 1834 metas
1237 1783 1270 1835 et
1296 1771 1436 1849 bundas,

226 1858 416 1923 habendum
438 1872 471 1923 et
500 1860 678 1924 tenendum
708 1858 853 1941 predicta
882 1856 1074 1941 messuagio,
1096 1855 1292 1935 molendina,
1322 1868 1435 1935 terras,

225 1956 332 2027 prata,
359 1957 518 2027 pasturas,
543 1968 661 2022 moras,
689 1944 859 2019 turbat-ias,
885 1943 1010 2018 boscos,
1035 1942 1189 2027 virgulta,
1216 1944 1375 2021 redditus,
1402 1956 1436 2006 et

226 2032 445 2113 possessiones
461 2031 549 2108 alias,
564 2054 630 2095 una
648 2052 722 2094 cum
740 2029 878 2094 servitiis
894 2027 1059 2112 predictis,
1076 2028 1223 2112 predicto
1243 2028 1265 2092 J
1267 2027 1387 2092 ohanni
1401 2041 1436 2092 et

226 2116 403 2180 heredibus
425 2118 572 2180 masculis
595 2118 635 2180 de
654 2138 789 2199 corpore
811 2139 869 2179 suo
890 2114 1075 2198 procreatis,
1093 2114 1135 2177 de
1155 2136 1206 2177 me
1227 2114 1314 2178 (11010
1337 2114 1435 2199 Elya,

228 2200 404 2265 heredibus
422 2202 513 2279 meis,
529 2216 562 2267 et
579 2202 758 2287 assignatis,
774 2200 882 2269 libere.
903 2201 1025 2285 quiete,
1040 2199 1136 2276 bene,
1151 2213 1184 2264 et
1201 2200 1235 2263 in
1254 2222 1345 2283 pace,
1360 2222 1434 2265 cum

228 2288 378 2351 omnibus
392 2288 608 2367 libertatibus,
628 2302 662 2352 et
679 2287 789 2352 liberis
810 2286 1101 2351 consuetudinibus
1120 2286 1213 2351 dictis
1235 2287 1434 2373 messuagiis,

228 2373 434 2450 molendinis,
449 2376 555 2450 terris,
570 2374 683 2459 pratis,
701 2374 851 2457 pasturis,
869 2373 980 2451 moris,
997 2372 1160 2451 turbariis,
1177 2371 1434 2457 1100010111ςῶ-

228 2460 280 2537 tis,
297 2460 490 2537 10111111111110,
506 2472 539 2525 01
557 2460 626 2525 aliis
645 2460 910 2544 possessionibus,
926 2481 993 2523 una
1013 2481 1087 2523 cum
1107 2459 1247 2523 servitiis
1267 2459 1434 2542 predictis,

229 2545 460 2627 spectantibus,
486 2547 653 2611 reddendo
681 2546 758 2609 inde
786 2546 963 2623 annuatim,
990 2544 1077 2609 idem
1102 2544 1266 2609 Johannes
1287 2557 1321 2609 et
1341 2545 1434 2609 here·

228 2631 284 2694 des
305 2632 439 2696 masculi
461 2632 502 2695 de
520 2654 656 2715 corpore
677 2655 735 2696 suo
758 2631 928 2716 procreati,
943 2630 1023 2694 mihi
1044 2631 1130 2695 dicto
1149 2630 1253 2715 Elyae,
1271 2630 1313 2694 ad
1333 2642 1434 2694 totam

227 2716 326 2781 vitam
345 2740 447 2780 meam
463 2730 591 2783 centum
610 2718 709 2782 libras
725 2718 863 2803 argenti,
879 2716 1084 2782 medietatem
1099 2716 1191 2781 vidlt.
1208 2716 1249 2779 ad
1265 2714 1434 2791 Pascham,

228 2814 261 2865 et
284 2804 378 2867 aliam
400 2804 603 2869 medietatem
625 2805 665 2869 ad
688 2803 808 2869 festum
831 2803 923 2868 Beati
950 2802 1133 2881 Michaelis,
1152 2813 1276 2884 etpost
1297 2811 1434 2864 mortem

227 2909 332 2952 meam
361 2890 536 2954 heredibus
566 2892 645 2954 meis
675 2902 709 2955 et
738 2890 904 2975 assignatis
935 2910 1037 2952 unum
1066 2908 1203 2971 granum
1230 2883 1364 2969 piperis,
1392 2885 1434 2949 sd

227 2975 398 3057 quodlibet
411 2976 528 3039 festum
545 2976 734 3041 Natiuitatis
757 2975 909 3048 Domini;
934 2986 968 3037 et
982 2972 1078 3036 faciet
1098 2993 1158 3055 pro
1173 2992 1237 3046 me,
1255 2983 1288 3034 et
1305 2970 1433 3035 heredi·

227 3060 287 3124 bus
312 3061 392 3125 meis
417 3061 555 3127 dominis
585 3062 775 3146 capitalibus
799 3061 885 3125 illius
909 3058 997 3123 feodi
1018 3057 1150 3121 servitia
1169 3057 1245 3120 inde
1268 3055 1377 3123 debita
1400 3070 1433 3121 01

228 3159 394 3225 000011010;
416 3160 449 3211 01
471 3148 498 3212 01
520 3149 685 3234 contingat
708 3148 829 3212 dictum
852 3146 872 3210 J
875 3145 1035 3210 ohannem
1057 3144 1127 3208 01110
1148 3142 1269 3207 herede
1288 3143 1431 3208 masculo

228 3231 269 3296 de
288 3255 422 3316 corpore
439 3256 496 3298 suo
517 3248 685 3318 procreato
704 3234 881 3310 discedere,
897 3244 974 3295 tunc
993 3230 1067 3294 1010
1083 3230 1173 3315 quod
1191 3230 1337 3313 predicta
1351 3253 1432 3296 11100-

227 3319 350 3403 suagia,
373 3319 568 3398 molendina,
589 3333 693 3396 terrae,
717 3332 819 3405 prata,
845 3333 996 3404 pasturae,
1018 3340 1127 3394 morte,
1148 3318 1311 3397 turbaris,
1332 3317 1432 3394 bosci,

227 3404 380 3487 virgulta,
396 3406 554 3485 redditus,
567 3418 600 3471 01
615 3407 684 3471 aliae
701 3406 927 3490 possessiones,
942 3428 1008 3469 una
1023 3427 1098 3468 cum
1110 3404 1250 3469 servitiis
1266 3404 1432 3487 predictis,

227 3503 414 3554 remaneant
436 3492 586 3578 Meylero
609 3493 676 3556 lilio
700 3492 834 3557 Davidis
858 3492 1062 3570 ,1111001001
1083 3490 1259 3555 heredibus
1283 3490 1431 3554 masculis

227 3575 268 3638 de
291 3598 426 3661 corpore
449 3602 506 3641 sno
529 3580 717 3661 procreatis,
732 3580 916 3643 habendum
931 3590 963 3642 et
984 3576 1161 3641 tenendum
1183 3576 1329 3658 predicta
1350 3598 1432 3639 11100-

226 3663 349 3745 suagia,
364 3663 561 3741 molendina,
574 3678 687 3742 terras,
702 3678 806 3750 prata,
819 3677 976 3749 pasturas,
991 3684 1106 3737 moras,
1117 3660 1289 3736 turbarias,
1304 3660 1431 3741 boscos,

226 3747 379 3833 virgulta,
395 3751 554 3829 redditus,
566 3764 599 3815 et
614 3751 690 3815 alias
707 3752 931 3834 possessiones
944 3771 1009 3811 una
1022 3769 1095 3810 cum
1108 3745 1249 3809 servitiis
1265 3746 1432 3829 predictis,

225 3834 372 3914 predicto
389 3836 551 3921 Mcylero,
563 3850 595 3903 01
611 3838 786 3901 heredibus
803 3834 949 3900 masculis
966 3834 1007 3897 dc
1024 3854 1158 3914 corpore
1172 3854 1230 3893 suo
1244 3832 1431 3915 procreatis,

225 3920 266 3981 de
282 3942 332 3983 me
349 3920 435 3986 dicto
455 3924 551 4007 11110,
566 3923 741 3987 heredibus
761 3923 839 3986 meis
859 3936 891 3985 et
913 3918 1092 4002 assignatis,
1106 3918 1141 3980 in
1156 3916 1259 3981 forma
1275 3917 1431 4002 predicta.

225 4004 270 4068 Et
290 4006 316 4068 si
341 4009 482 4093 contigat
506 4010 667 4093 predictos
691 4010 874 4074 Johannem
896 4018 929 4070 et
952 4004 1138 4089 Meylerum
1160 4004 1228 4066 01110
1252 4004 1429 4069 heredibus

224 4092 374 4156 masculis
393 4094 433 4157 de
457 4096 648 4179 corporibus
667 4096 733 4159 suis
754 4092 929 4177 procreatis
952 4090 1226 4166 discederemus
1244 4091 1318 4155 1010
1341 4090 1431 4176 quod

225 4178 370 4259 predicta
389 4182 580 4266 messuagio,
598 4180 795 4256 molendina,
815 4192 922 4255 tcrrae,
939 4190 1043 4261 prata,
1063 4187 1216 4259 pasturas,
1236 4198 1344 4253 morte,
1362 4187 1430 4240 tur·

223 4264 333 4343 bariae,
361 4264 460 4345 bosci,
490 4266 646 4351 virgulta,
672 4266 831 4341 redditus,
853 4276 886 4329 et
916 4264 985 4327 alie
1012 4262 1238 4345 possessiones,
1260 4284 1325 4324 una
1355 4282 1428 4326 cum

221 4352 363 4415 servitiis
384 4353 552 4436 predictis,
575 4352 654 4418 mihi
678 4353 763 4418 dicto
787 4352 891 4438 Elyae,
914 4361 946 4415 et
970 4348 1067 4414 rectis
1094 4346 1269 4413 heredibus
1290 4348 1370 4413 meis
1393 4348 1429 4413 in
