3825 5059
330 690 627 787 colurus
677 688 846 784 Para
896 667 1279 788 oroanusrs.

541 894 693 985 (Linea
719 890 878 989 quaedam
902 890 1065 987 desunt.)

705 1078 904 1087 ..—..—-——---

705 1090 905 1101 ———

201 1205 291 1270 Irusr
307 1204 421 1271 dicunt
436 1205 526 1292 quod
546 1218 698 1291 portrcve
719 1205 817 1271 debet
828 1203 1035 1289 respondere
1055 1202 1186 1270 domino
1201 1204 1243 1271 de
1258 1207 1407 1274 omnibus
1472 1246 1478 1253 ·

200 1291 393 1369 redditibus,
409 1293 661 1359 amerciamentis
681 1291 857 1370 hundredi,
872 1292 1037 1375 proficuis,
1052 1290 1253 1376 computabit
1277 1293 1407 1359 domino

202 1390 236 1442 et
249 1379 421 1444 satisfaciet
436 1380 509 1456 sibi,
518 1394 552 1445 et
567 1380 593 1445 si
608 1403 685 1456 non,
694 1380 757 1463 ipsi
771 1379 828 1442 xii.
845 1377 994 1464 quicum
1008 1377 1178 1464 elegerunt
1193 1377 1407 1458 satisfacient3

202 1475 236 1529 et
251 1466 365 1531 dicunt
385 1466 474 1551 quod
490 1490 548 1551 pro
568 1466 717 1533 omnibus
741 1465 868 1531 ballivis
891 1464 1016 1530 domini
1037 1464 1073 1529 iu
1096 1464 1243 1549 predicta
1257 1466 1407 1533 libertate

201 1552 322 1635 poterit
336 1552 539 1638 distringere.

246 1636 384 1703 Thomas
401 1639 562 1726 Montayn
582 1638 734 1726 cognovit
749 1662 783 1704 se
802 1650 914 1703 tenerc
933 1637 975 1703 de
991 1635 1120 1702 domino
1142 1636 1178 1703 in
1202 1637 1406 1726 Carhultayn
1420 1660 1592 1728 earhultsyn.

200 1721 257 1787 iiii.
268 1737 431 1791 carucatas
444 1738 537 1791 terrae
554 1750 626 1791 cum
639 1724 843 1810 pertinentiis
855 1746 914 1806 per
926 1723 1058 1788 servitia
1067 1723 1220 1811 homagii,
1230 1725 1406 1806 fidelitatis,

200 1820 234 1873 et
248 1823 341 1875 secta
357 1812 455 1877 curiae
466 1812 647 1891 Cloncnsis,
657 1812 697 1876 de
713 1811 817 1877 tribus
832 1810 1018 1895 septimanis
1029 1811 1065 1874 in
1077 1822 1154 1889 tres,
1166 1833 1226 1896 per
1238 1812 1406 1879 servitium

199 1896 329 1976 warda,
344 1911 378 1962 et
392 1921 452 1983 per
465 1900 633 1964 servitium
648 1898 737 1963 xvia.
753 1898 809 1961 viii
816 1898 846 1963 d.
863 1919 923 1981 per
938 1920 1068 1963 annum.
1229 1892 1235 1902 ’

243 1982 441 2048 Willielmus
466 1984 621 2070 Crystore
646 1996 735 2049 tenet
750 1984 847 2069 juxta
866 2004 942 2049 eum
961 1982 1020 2049 iiii
1036 1992 1199 2048 carucatas
1221 1994 1315 2049 terroe
1331 2007 1406 2051 cum

199 2068 405 2151 pertinentiis
420 2093 479 2155 per
495 2068 627 2137 seriitia
639 2070 782 2156 homagii
796 2069 942 2147 feodalis,
955 2081 1049 2134 sectae
1066 2070 1175 2145 curiae,
1188 2082 1225 2137 ut
1239 2072 1405 2158 predictus

199 2154 351 2235 Thomas,
367 2169 401 2222 et
414 2158 543 2237 wardan,
558 2180 617 2242 per
632 2158 800 2222 servitium
814 2158 902 2222 xvis.
917 2156 976 2221 viii
983 2157 1014 2221 d.
1030 2180 1089 2241 per
1105 2180 1235 2224 annum.

243 2242 360 2306 Petrus
395 2242 511 2308 Power
540 2256 629 2309 tenet
662 2245 703 2308 de
737 2243 867 2308 domino
897 2242 1065 2323 Arleman,
1089 2266 1163 2330 quae
1194 2243 1283 2331 jacet
1305 2244 1405 2332 juxta
1416 2252 1550 2304 Arlan.

199 2326 381 2414 Shenyard,
391 2342 424 2395 et
439 2330 583 2397 continet
594 2332 629 2395 in
642 2353 675 2396 se
688 2354 785 2395 unam
797 2342 978 2395 carucatam
989 2342 1083 2395 terrae
1095 2353 1169 2396 cum
1178 2332 1403 2415 pertinentiis3

196 2427 230 2480 et
253 2414 481 2495 Rathmachor,
503 2418 598 2483 aliam
622 2418 813 2503 particulam
838 2428 932 2482 terrae
956 2428 988 2482 et
1013 2417 1136 2497 villam,
1161 2440 1234 2503 quae
1258 2419 1602 2486 continetltaanmaohor.

194 2500 230 2565 in
252 2524 286 2567 se
306 2502 351 2567 iii.
374 2516 536 2570 carucatas
558 2517 664 2581 terrae,
688 2517 722 2570 ct
740 2505 828 2592 jacet
846 2504 945 2590 juxta
962 2503 1060 2589 Baly.
1075 2554 1084 2573 .
1098 2554 1107 2573 .
1120 2529 1153 2583 ,3
1177 2516 1211 2569 et
1232 2516 1324 2570 tenet
1344 2529 1403 2588 per

196 2589 327 2655 servitia
351 2590 494 2677 homagii
522 2591 669 2671 feodalis,
692 2602 726 2655 et
755 2604 849 2655 sectae
864 2590 990 2670 curiae,
1018 2592 1148 2670 wardae,
1173 2603 1212 2654 ut
1236 2591 1404 2674 predictus

195 2673 404 2754 Willielmus,
419 2690 453 2741 et
465 2700 523 2762 per
537 2701 657 2743 annum
670 2676 760 2743 xvia.
769 2678 828 2742 viii
834 2678 878 2755 d,
887 2692 920 2741 ct
934 2698 992 2761 per
1004 2677 1171 2741 servitium
1182 2676 1270 2740 leodi
1281 2676 1402 2739 militis.

239 2760 436 2827 Willielmus
449 2764 601 2849 Crystore
614 2776 703 2828 tenet
715 2763 756 2827 de
770 2763 901 2827 domino
913 2762 1038 2827 Bofflan
1050 2773 1161 2835 totam,
1174 2783 1247 2845 quae
1259 2762 1404 2826 continet
1416 2774 1526 2827 Bofflan.

193 2845 230 2911 in
256 2869 289 2910 se
316 2848 384 2911 viii.
413 2859 575 2912 carucatas
603 2862 709 2923 terrae,
738 2871 797 2930 per
824 2846 955 2911 servitia
980 2846 1077 2911 unius
1104 2846 1192 2909 feodi
1218 2845 1342 2923 militis,
1370 2860 1404 2913 et

194 2934 374 2997 communis
401 2946 495 2998 sectae
520 2934 617 2997 curiae
641 2934 682 2998 ad
706 2933 822 3012 Clone,
844 2955 903 3017 per
927 2930 1059 2997 servitia
1087 2930 1228 3017 homagii
1254 2930 1403 3015 feodalis,

192 3019 323 3099 wardae,
339 3032 371 3084 et
386 3042 445 3104 per
460 3042 581 3084 annum
596 3043 651 3086 xa.

238 3105 418 3191 Gregorius
440 3106 576 3172 Walens
598 3118 686 3172 tenet
709 3105 750 3169 dc
772 3103 903 3170 domino
926 3102 1130 3192 Balygeany,
1157 3126 1229 3189 quae
1256 3105 1575 3185 continctBalygeany.

193 3190 228 3257 in
258 3216 291 3258 se
313 3194 348 3259 ii.
377 3207 540 3259 carucatas
569 3205 675 3270 terrac,
702 3204 736 3258 et
758 3193 970 3280 Balyaregus,
992 3214 1065 3284 quae
1087 3192 1231 3256 continet
1250 3189 1286 3257 in
1308 3215 1343 3259 ss
1365 3195 1399 3261 ii.
1414 3208 1581 3275 Balyaregus.

194 3293 356 3347 carucatas
390 3293 485 3346 terrac
519 3304 593 3346 cum
624 3279 839 3365 pertinentiis,
873 3292 907 3345 et
936 3280 1049 3365 jacent
1081 3277 1226 3355 insimul,
1256 3291 1290 3344 et
1323 3294 1401 3348 sunt

192 3368 347 3433 medietas
370 3368 466 3434 unius
488 3367 578 3433 feodi
599 3367 723 3448 militis,
745 3389 804 3453 per
827 3364 958 3432 servitis
977 3365 1119 3452 homagii
1139 3364 1287 3444 feodalis,
1304 3380 1399 3434 sectae

193 3454 370 3519 communis
387 3455 496 3532 curiae,
512 3466 545 3519 et
559 3478 618 3540 per
632 3455 667 3521 ii.
682 3478 814 3521 marcas.
1099 3494 1103 3499 ·

238 3538 322 3606 Item
353 3542 533 3626 Gregorius
563 3554 654 3607 tenet
688 3543 728 3606 de
760 3539 891 3606 domino
921 3538 1045 3624 Slevyn
1073 3538 1159 3604 inter
1191 3538 1337 3625 Corboly
1365 3551 1399 3605 et
1412 3551 1519 3617 stevyn.

192 3624 341 3708 Loghan,
356 3640 390 3693 ct
411 3629 554 3693 continet
569 3628 603 3693 in
619 3651 653 3693 se
670 3651 769 3693 unam
784 3637 967 3693 carucatam
980 3637 1087 3703 terrra,
1101 3636 1135 3690 et
1154 3623 1321 3689 dimidiam
1329 3650 1341 3699 ς
1365 3640 1399 3692 et

191 3723 281 3777 tenet
310 3736 369 3797 per
399 3716 565 3781 servitium
591 3716 773 3781 medietatis
800 3714 899 3779 unius
929 3712 1018 3777 feodi
1043 3711 1153 3776 militis
1178 3733 1239 3795 per
1267 3712 1399 3777 servitia

191 3796 345 3883 homagii,
361 3802 538 3867 communis
552 3815 646 3867 scctae
659 3803 701 3867 ad
716 3802 851 3881 curiam,
862 3822 922 3885 per
935 3797 1105 3863 servitium
1116 3797 1257 3862 dimidias
1272 3820 1396 3863 marcae.
1495 3845 1498 3849 -

236 3884 353 3949 Petrus
378 3886 504 3964 Power,
525 3900 616 3953 tenet
631 3888 739 3975 juxta,
762 3890 861 3953 unam
882 3886 976 3951 aliam
1001 3884 1136 3969 Slevyn,
1158 3907 1231 3969 quae
1252 3886 1397 3953 continet
1410 3894 1517 3961 slevyn.

190 3994 288 4036 unam
304 3986 484 4037 carucatam
499 3985 593 4038 terrae
607 3985 640 4038 et
651 3974 827 4052 dimidiam,
838 3996 912 4038 cum
927 3970 1145 4057 pertinentiis,
1155 3994 1215 4055 per
1227 3972 1397 4037 servitium

191 4060 314 4143 quartae
338 4060 438 4143 partis
459 4059 556 4123 unius
581 4059 669 4124 feodi
691 4061 812 4139 militis,
833 4082 893 4144 per
916 4057 1085 4123 servitium
1104 4056 1259 4143 homagii,
1279 4071 1313 4123 et
1334 4080 1395 4143 per

81 4231 86 4240 .
190 4145 358 4211 servitium
373 4145 515 4211 dimidiae
531 4167 645 4210 marcar
660 4168 719 4230 per
734 4169 864 4211 annum.

234 4230 255 4295 J
258 4232 400 4297 ohannes
430 4232 516 4297 filius
548 4232 658 4297 David
688 4230 760 4298 cod
789 4243 880 4297 tenet
901 4232 943 4298 de
972 4230 1104 4297 domino
1124 4252 1223 4295 unam
1250 4228 1395 4296 villatam
1407 4256 1540 4326 Bulgony.

189 4327 283 4382 terra
305 4331 450 4385 vocatam
474 4319 639 4407 Bulgony,
655 4342 728 4407 quae
751 4318 894 4385 continet
908 4319 942 4383 in
958 4342 993 4384 se
1015 4330 1081 4385 tres
1103 4328 1267 4383 carucatas
1290 4328 1395 4396 terrae,

189 4414 222 4468 et
231 4404 319 4491 jacet
328 4406 426 4493 juxta
442 4406 586 4494 Balylyn
600 4418 747 4493 exparte
763 4404 965 4472 occidentali.
