3825 5059
1087 437 1111 508 8

536 626 582 690 Et
597 634 764 691 remanent
776 623 810 689 in
826 646 924 690 manu
939 622 1073 702 domini,
1087 622 1134 690 lx.
1150 646 1244 702 acra,
1258 646 1332 710 quae
1345 624 1468 703 valent,
1482 626 1554 704 &c.‚
1568 650 1638 693 xa.

537 713 673 799 Macray
688 712 823 790 Odrom,
837 712 858 775 i.
874 710 1091 797 messuagium
1107 734 1189 776 xxx.
1205 733 1307 789 acras,
1321 734 1381 797 per
1396 735 1518 777 annum
1531 736 1643 792 xxa„
1663 736 1750 799 pro

492 800 651 864 messione
666 800 762 876 xvd„
776 821 836 883 pro
851 798 1037 863 molendino
1052 799 1135 863 xvd.

536 884 734 951 Willielmus
749 885 934 971 Argentyn,
948 883 971 950 i.
984 884 1200 969 messuagium
1222 883 1353 950 xxxiiii.
1377 906 1477 962 acras,
1493 908 1553 971 per
1577 909 1742 952 annum

490 970 605 1037 xxiiia.
621 972 679 1037 viii
685 974 729 1050 (1.,
743 995 802 1056 pro
818 971 975 1036 messione
989 970 1119 1046 xviiia,
1134 994 1194 1055 pro
1212 971 1398 1036 molendino
1412 995 1486 1037 xun
1492 975 1523 1038 d.

536 1058 781 1124 Bartholemeus
798 1058 932 1137 Odrom,
945 1057 967 1122 i.
979 1059 1195 1144 messuagium
1214 1058 1272 1122 xii.
1286 1079 1386 1137 acras,
1400 1081 1595 1144 perannum
1608 1058 1694 1124 xiii
1701 1082 1737 1125 a.

492 1144 588 1227 iiiia,
604 1169 664 1229 pro
679 1146 836 1212 messione
851 1147 925 1221 ad„
937 1167 998 1229 pro
1017 1144 1202 1209 molendino
1217 1146 1279 1209 xd.

535 1232 581 1299 Et
596 1245 763 1298 remanent
775 1232 811 1296 in
825 1254 924 1296 manu
939 1229 1062 1295 domini
1074 1230 1094 1296 i.
1108 1242 1257 1296 carucata
1271 1242 1377 1309 terra,
1389 1244 1423 1296 et
1437 1230 1610 1297 dimidium
1626 1256 1732 1318 quae

490 1318 612 1397 valent,
627 1321 685 1385 &a

537 1404 622 1471 Item
637 1406 751 1470 dicunt
766 1404 858 1490 quod
878 1402 1028 1469 dominus
1048 1402 1148 1469 babet
1170 1403 1260 1488 apud
1278 1402 1448 1490 Balyonan
1470 1404 1493 1469 i.
1517 1416 1727 1471 carucatam

495 1502 600 1557 terrae.

536 1576 619 1642 Item
647 1577 760 1642 dicunt
788 1579 879 1664 quod
903 1576 1050 1644 homines
1083 1577 1125 1642 de
1151 1575 1287 1642 nacione
1314 1576 1496 1664 Omcganes
1524 1590 1602 1643 sunt
1621 1578 1723 1663 puri

490 1663 637 1728 homines
652 1664 762 1731 Sancti
777 1664 937 1743 Colmani,
953 1677 986 1731 et
999 1664 1166 1751 pertinent
1179 1664 1221 1729 ad
1239 1662 1417 1729 ecclesiam.

491 1792 645 1858 Similiter
658 1792 698 1857 de
711 1793 846 1859 nacione
860 1793 1065 1873 MacNoran,
1112 1792 1267 1858 Similiter
1277 1791 1317 1855 de
1326 1790 1461 1857 nacione
1467 1790 1715 1878 OMolginneS,

491 1879 646 1946 Similiter
660 1881 700 1945 de
712 1881 846 1945 nacione
857 1880 1084 1966 OLoungham
1113 1879 1269 1944 Similiter
1279 1878 1319 1942 de
1329 1878 1463 1943 nacione
1470 1877 1713 1965 0G01manys,

490 1966 644 2032 Similiter
658 1968 698 2032 de
710 1968 844 2033 nacione
858 1966 1055 2053 OGevenys‚
1110 1965 1266 2031 Similiter
1276 1965 1317 2029 de
1326 1965 1459 2029 nacione
1469 1963 1624 2052 Omanys‚

491 2052 645 2119 Similiter
659 2055 700 2118 de
715 2054 846 2119 nacione
857 2052 1040 2130 OHonans,
1113 2050 1268 2117 Similiter
1277 2050 1319 2115 dc
1328 2051 1461 2116 nacione
1471 2050 1697 2137 ODrommys,

491 2137 646 2203 Similiter
660 2139 701 2204 de
712 2140 846 2205 nacione
859 2139 1042 2217 Moldloch,
1112 2139 1266 2203 Similiter
1275 2138 1317 2203 ‹le
1326 2137 1460 2202 nacione
1470 2137 1667 2223 OHonynis,

490 2224 644 2290 Similiter
658 2226 699 2290 de
711 2226 844 2291 nacione
857 2225 1076 2310 MacDewym
1112 2224 1267 2289 Similiter
1276 2225 1317 2288 de
1329 2224 1464 2289 nacione
1475 2223 1704 2290 MacCromes.

534 2351 579 2417 Et
594 2352 684 2437 quod
699 2353 860 2418 Dominus
876 2364 984 2438 potest
1001 2374 1111 2417 omnes
1128 2352 1218 2432 istos,
1233 2364 1268 2417 et
1277 2352 1372 2432 lilios,
1386 2364 1420 2419 et
1434 2351 1515 2417 filias
1532 2372 1648 2417 eorum
1661 2353 1701 2418 in

491 2439 641 2503 omnibus
662 2439 740 2504 locis
763 2462 890 2523 capere,
908 2452 941 2504 et
961 2439 1047 2504 bona
1066 2462 1179 2504 eorum
1199 2438 1331 2525 seysire,
1354 2451 1389 2503 et
1411 2462 1465 2504 eos
1484 2439 1639 2516 vendere,
1663 2450 1701 2505 et

490 2525 596 2591 facere
619 2525 767 2591 similiter
796 2538 879 2591 stare
909 2537 942 2592 et
971 2548 1041 2591 esse
1058 2548 1160 2610 supra
1190 2538 1310 2592 terram
1339 2548 1430 2591 suam
1456 2524 1488 2590 in
1514 2525 1599 2602 loco,
1629 2548 1698 2611 quo

490 2613 645 2693 voluerit,
659 2626 692 2679 et
714 2613 838 2679 dabunt
859 2612 991 2677 domino
1012 2613 1187 2689 berintum,
1202 2625 1236 2677 et
1259 2612 1367 2676 omnia
1390 2613 1475 2677 bona
1496 2634 1609 2677 eorum
1624 2624 1700 2698 post

490 2700 658 2766 decessum
673 2701 715 2767 ad
736 2701 937 2789 voluntatem
959 2699 1094 2777 domini,
1110 2711 1144 2765 et
1165 2721 1232 2764 non
1246 2698 1368 2763 debent
1381 2697 1487 2763 facere
1506 2711 1697 2765 testamenta

489 2787 552 2852 nisi
574 2811 633 2873 per
655 2788 818 2854 licentiam
840 2786 973 2853 domini.

534 2873 618 2939 Item
635 2874 748 2942 dicunt
762 2874 853 2961 quod
868 2874 1018 2940 dominus
1036 2872 1135 2939 habet
1154 2871 1196 2938 de
1215 2870 1450 2936 consuetudine
1469 2894 1530 2956 pro
1550 2871 1696 2957 qualibet

491 2980 564 3023 acra
582 2972 668 3025 terra
687 2962 825 3027 dimissae
851 2961 886 3026 in
906 2961 1035 3049 betagio
1056 2982 1116 3044 per
1145 2970 1249 3025 totum
1274 2956 1453 3021 dominium
1477 2959 1519 3022 de
1545 2958 1695 3024 Glonei.

489 3044 594 3130 kyshe
609 3046 792 3126 turbarum,
806 3059 839 3113 et
852 3047 887 3111 in
903 3048 1051 3133 quolibet
1065 3044 1169 3130 kyshe
1185 3044 1305 3110 debent
1320 3066 1388 3108 esse
1403 3043 1498 3108 lxxii.
1514 3044 1629 3109 turbae.

534 3129 619 3195 Item
631 3131 745 3197 dieunt
757 3132 847 3217 quod
861 3132 934 3197 beta
959 3132 982 3196 ii
997 3132 1118 3197 debent
1129 3130 1249 3195 cariare
1258 3130 1369 3195 lenum
1383 3130 1506 3195 domini
1518 3143 1551 3195 et
1565 3145 1694 3197 tessare.

533 3215 618 3281 Item
633 3215 747 3282 dicunt
762 3217 851 3303 quod
872 3239 930 3301 pre
956 3218 1011 3282 'cti
1024 3217 1138 3301 bitagii
1154 3216 1273 3282 debent
1286 3217 1407 3282 cariore
1422 3216 1556 3281 bladum
1572 3216 1696 3282 domini

491 3303 580 3387 apud
595 3302 698 3367 Clone
719 3314 752 3369 et
776 3303 969 3390 Balycotyn,
986 3314 1020 3369 et
1037 3314 1156 3368 assare
1179 3303 1214 3368 in
1229 3302 1354 3388 hagard
1368 3303 1503 3383 domini,
1518 3314 1552 3368 et
1573 3304 1694 3370 rudere

490 3388 622 3454 tlomino
644 3410 704 3474 pro
727 3388 828 3455 tassia.

533 3475 618 3541 Item
642 3475 732 3563 quod
755 3476 894 3565 quilibet
917 3486 1030 3542 tenens
1053 3476 1143 3561 apud
1162 3475 1355 3564 Balycotyn,
1371 3475 1632 3563 Balymcstrony,
1651 3476 1693 3542 (le

488 3561 682 3652 Accarwyn,
697 3564 875 3651 Agnutlur,
892 3564 1088 3651 Balycanan,
1111 3563 1232 3630 debent
1255 3563 1333 3628 dare
1358 3562 1488 3628 domino
1509 3563 1552 3627 ad
1574 3562 1694 3629 festum

488 3649 676 3719 Nativitatis
700 3653 834 3718 Domini
855 3654 876 3720 i.
899 3651 1061 3738 gallinam.

533 3737 618 3804 Item
629 3740 768 3826 quilibet
780 3754 893 3807 tenens
907 3738 943 3803 in
959 3738 1053 3804 dictis
1062 3735 1140 3802 locis
1151 3736 1250 3802 debet
1261 3736 1339 3801 dare
1349 3734 1564 3816 domina-si
1575 3735 1694 3801 habeat

489 3845 547 3887 sex
571 3846 686 3909 porcos
709 3826 763 3892 vel
781 3828 940 3913 quinque,
964 3824 1054 3889 dabit
1081 3822 1211 3888 domino
1230 3824 1253 3887 i.
1273 3844 1420 3907 porcum,
1441 3822 1540 3901 vida,
1560 3825 1693 3889 tertium

489 3908 653 3976 meliorem
665 3937 674 3988 3
690 3924 724 3977 et
738 3912 765 3976 ai
778 3913 864 3978 infra
876 3911 985 3991 habet,
998 3911 1088 3976 dabit
1102 3909 1233 3975 domino
1248 3931 1309 3994 pro
1325 3908 1473 3996 quolibet
1487 3910 1580 3975 etatis
1595 3911 1692 3975 unius

490 3996 567 4061 anni
580 3997 648 4078 iid„
664 4009 697 4063 et
711 3999 804 4064 etatis
819 3998 946 4063 dimidii
960 3997 1037 4063 anni
1051 3995 1193 4063 obolum.

532 4083 619 4149 Item
647 4084 762 4150 dicunt
791 4084 883 4171 quod
911 4084 1051 4170 quilibet
1076 4082 1217 4149 moriens
1247 4082 1339 4148 dabit
1367 4082 1498 4148 dominc
1528 4080 1692 4148 berintum

488 4170 655 4237 meliorem
685 4170 819 4237 bestiam
845 4194 943 4257 quam
969 4171 1080 4247 habet,
1106 4182 1139 4236 et
1164 4170 1193 4236 ai
1220 4192 1288 4235 non
1314 4168 1413 4236 habet
1439 4167 1576 4235 bestiam
1600 4168 1692 4235 dabit

487 4256 654 4323 meliorem
675 4281 821 4345 pannum
842 4280 940 4344 quem
961 4256 1069 4323 habet.

532 4344 616 4410 Item
643 4345 735 4433 quod
757 4344 895 4433 quilibet
916 4343 1040 4410 habens
1055 4353 1247 4421 carucatam,
1266 4342 1370 4409 arabit
1397 4340 1529 4408 domino
1543 4342 1566 4409 i.
1582 4364 1690 4409 acran

488 4435 561 4519 (ad)
575 4454 685 4498 semen
705 4432 842 4520 yemale‚
856 4442 890 4499 et
903 4429 924 4497 i.
940 4453 1047 4498 acram
1061 4430 1102 4497 ad
1117 4452 1227 4496 semen
1241 4428 1527 4516 quadragesimale.
