3825 5059
280 772 438 840 nummu,

1076 409 1124 483 24

495 598 537 664 de
564 596 818 698 Kylmuclenyn,
842 620 902 697 per
926 595 1096 663 servitium
1124 595 1237 663 uvis.
1260 617 1320 682 per
1346 616 1468 663 anunm
1490 596 1679 675 redditus,
1700 606 1736 663 et

495 706 533 749 co
557 696 649 749 novrt
670 696 789 749 sectam
810 706 918 750 cunm.

570 770 664 835 odem
680 770 734 835 die
749 769 866 835 Petrus
883 770 931 837 Co
955 792 998 835 nn
1014 767 1093 835 iecit
1107 767 1238 834 domino
1252 767 1329 835 horn
1374 768 1441 835 ’um
1455 782 1490 836 et
1502 768 1735 847 fidelitatem,

496 868 531 922 et
551 858 703 943 cognovit
726 870 837 923 tenere
859 856 899 921 de
954 852 1172 942 ylmnclenyn,
1192 854 1340 943 Bulngho
1377 878 1468 942 ,per
1487 856 1639 924 servitis
1661 852 1735 921 vie.

494 942 553 1009 viii
559 944 590 1007 d.
606 965 812 1027 perannum,
826 954 861 1009 et
875 941 1052 1009 communis
1065 953 1159 1007 sectae
1174 941 1283 1008 eurise.

538 1028 648 1095 David
664 1028 791 1117 Myagh
804 1028 882 1095 fecit
896 1042 975 1095 tunc
987 1027 1117 1093 domino
1127 1025 1329 1107 fidelitatem,
1340 1050 1402 1115 pro
1415 1025 1447 1093 le
1459 1027 1583 1116 Kylyn
1597 1038 1734 1094 vocata

487 1114 602 1181 -Locns
621 1115 772 1197 Sanctus,
786 1138 846 1203 per
870 1114 1040 1183 servitium
1056 1113 1130 1181 xld.
1145 1136 1206 1200 per
1220 1136 1354 1194 cunum,
1368 1126 1403 1184 ct
1419 1114 1575 1202 cognovit
1598 1126 1733 1182 tenere

495 1203 537 1268 de
551 1202 692 1269 domino.

773 1311 979 1381 PLAOITA
1010 1309 1076 1377 DE
1110 1310 1420 1383 BALAGHATH.

513 1460 721 1562 ’Edwardus
752 1459 806 1561 dei
832 1458 939 1560 gretia
955 1458 1025 1559 dcc.
1051 1457 1234 1524 vicecomiti
1252 1456 1326 1559 ‘Cor
1387 1457 1606 1560 'feodalem
1633 1457 1728 1523 Pre-

494 1544 1357 1718 {itlttt³331?thmlltltlehtltltttm
1395 1543 1731 1730 ditm&

494 1718 660 1785 lohannes
673 1718 855 1804 Episcopus
868 1717 972 1784 Clone
984 1718 1021 1783 in
1033 1717 1125 1819 curie
1137 1728 1249 1783 nostro
1259 1739 1366 1783 coram
1377 1653 1574 1819 liuticimiis
1585 1730 1723 1816 cosmo

494 1802 870 1970 ttllaitldtl?
871 1816 1113 1976 illlum
1134 1815 1386 1970 ttllzutft
1387 1803 1472 1957 ¹31⁹?
1464 1804 1723 1989 miliarii&

494 2000 537 2044 ex
564 1978 628 2045 illis
654 1978 714 2066 qui
738 1978 825 2045 visui
849 1913 899 2043 illi
922 1976 1141 2057 interfuerint,
1166 1976 1257 2064 qnod
1282 1975 1348 2043 sint
1374 1998 1482 2043 corum
1508 1974 1718 2044 sussiciariu

494 2064 612 2131 nostris
642 2065 730 2150 apud
755 2063 904 2150 Kerlagh
927 2086 946 2127 a
970 2063 1023 2128 die
1048 2062 1179 2129 Paschae
1204 2062 1241 2128 in
1267 2085 1324 2127 xx.
1353 2062 1432 2131 dieo.
1460 2062 1502 2128 od
1528 2064 1717 2131 testifican-

494 2149 574 2215 dum
588 2151 695 2216 visum
711 2150 817 2229 illum,
832 2163 866 2215 et
879 2149 997 2215 habeas
1017 2147 1064 2213 ibi
1080 2150 1212 2214 nomine
1228 2149 1369 2215 militum
1386 2161 1421 2215 et
1436 2148 1500 2216 hoc
1512 2149 1627 2232 breve,
1642 2150 1715 2217 &c-

495 2234 592 2300 Teste
608 2236 649 2301 R.
668 2236 710 2301 de
729 2236 865 2302 Preston
885 2258 903 2300 a
928 2235 973 2300 ud
991 2234 1118 2322 Karlag
1133 2235 1177 2301 vi.
1195 2235 1250 2301 die
1268 2235 1464 2302 Novembris
1479 2258 1564 2302 anno
1582 2236 1714 2303 mix.

494 2320 629 2386 Habere
652 2321 730 2387 fecit
753 2322 859 2387 visum
925 2320 1095 2386 illielmum
1117 2320 1231 2407 Cogsn
1252 2322 1408 2388 clericum
1428 2322 1470 2388 de
1492 2323 1638 2390 manerio
1663 2322 1721 2389 dc

495 2406 622 2491 Belagh
637 2430 711 2473 cum
725 2407 940 2491 pertinentiis,
951 2418 1052 2492 prout
1061 2406 1149 2473 istud
1164 2407 1264 2474 breve
1279 2408 1461 2495 requisivit,
1470 2420 1504 2475 et
1515 2409 1640 2476 dictum
1653 2419 1713 2475 est

493 2492 641 2559 Wnltcro
664 2493 770 2571 Codd,
790 2492 900 2559 David
921 2492 1047 2579 Leyne,
1068 2492 1212 2560 Johnnni
1233 2493 1369 2575 Perker,
1384 2507 1418 2563 et
1439 2495 1560 2561 Miloni
1577 2495 1711 2598 Longe,

494 2580 553 2733 {ui
571 2580 665 2682 'visui
690 2578 741 2645 illi
766 2578 988 2681 interfuerunt
1016 2580 1106 2731 ‹ppod
1132 2580 1198 2646 sint
1223 2603 1331 2681 coram
1355 2581 1377 2646 J
1380 2582 1549 2683 usticinriis
1576 2581 1711 2684 dommi

493 2666 933 2839 uttff²pllitltt0lltt
946 2666 1708 2831 pippcozffifgfffflgsrtggffiffsummum

538 2842 584 2909 Et
601 2842 796 2910 venerabilis
814 2852 908 2927 pater
926 2840 1108 2926 Episcopus
1123 2863 1182 2925 per
1198 2840 1237 2907 T.
1253 2840 1377 2907 Admot
1394 2852 1590 2909 attornatum
1603 2861 1704 2909 suum

495 2928 586 3008 dicit,
625 2930 826 3017 uodquidem
840 2927 1004 3017 Reginald
1015 2927 1200 3014 Episcopus
1213 2926 1329 3007 Olone,
1339 2927 1548 3013 predecessor
1560 2928 1705 3014 predicti

493 3038 583 3081 nunc
639 3016 764 3101 piscopi
788 3015 915 3081 scisitus
942 3015 1007 3081 fuit
1032 3015 1068 3081 in
1090 3016 1139 3082 M.
1160 3015 1309 3100 predicto
1336 3038 1411 3083 cum
1433 3015 1638 3101 pertinentiis
1664 3014 1706 3083 in

494 3100 637 3164 dominio
660 3124 719 3165 suo
741 3113 780 3166 ut
799 3101 841 3166 de
862 3101 970 3180 feodo,
985 3112 1020 3165 et
1034 3102 1124 3187 jure,
1138 3113 1172 3166 et
1190 3101 1232 3166 de
1250 3101 1327 3187 jure
1342 3100 1484 3169 eoclesiae
1504 3124 1570 3168 sum
1590 3101 1706 3169 Sancti

495 3182 643 3249 Oolmnni
658 3184 699 3248 de
712 3184 816 3248 Clone
831 3186 978 3267 predicto
993 3198 1139 3269 tempore
1154 3186 1254 3270 pacis,
1266 3199 1412 3271 tempore
1425 3188 1548 3255 domini
1561 3188 1705 3255 Henrici

493 3268 1704 3423 iffsl‘illnll'linlddlilllliilllliiiliildilndill’lffi’

494 3402 605 3506 Stricti
620 3436 768 3506 colmani
784 3399 826 3503 de'
840 3374 951 3502 (lidiil
962 3438 1128 3521 predictoe,
1143 3376 1239 3504 odert
1256 3379 1704 3525 disratiodarelic.,⁰⁸1liellsf

493 3538 546 3593 tus
558 3526 614 3593 W.
627 3522 729 3605 veuit,
741 3538 773 3590 et
787 3522 933 3591 defendit
946 3522 1026 3604 vim,
1038 3536 1070 3590 et
1084 3523 1248 3611 injuriam,
1261 3539 1294 3592 et
1301 3525 1357 3613 jus
1369 3528 1441 3605 ἄη,
1452 3526 1511 3593 ubi
1522 3537 1557 3592 et
1567 3528 1704 3613 quando

492 3614 565 3694 uc,
580 3626 614 3681 et
629 3612 712 3699 petit
734 3611 811 3679 inde
825 3610 932 3679 visum
947 3610 1019 3693 &c.,
1033 3610 1151 3678 hebeat
1164 3612 1236 3692 dcc,
1252 3612 1321 3679 dies
1336 3613 1412 3680 dats
1434 3626 1484 3680 est
1496 3612 1596 3680 habet
1614 3636 1701 3682 nnno

493 3702 578 3768 odie
591 3700 721 3768 Paschae
734 3700 769 3766 in
781 3722 837 3767 xv.
852 3698 921 3764 dies
933 3700 993 3765 &c
1006 3699 1111 3784 primo
1124 3698 1178 3764 die
1191 3698 1295 3766 silicet
1306 3711 1421 3767 octavo
1434 3699 1602 3767 Trinitatis
1614 3724 1700 3768 anno

491 3788 610 3854 mix.
630 3788 723 3854 ambo
744 3798 861 3873 petunt
883 3784 1057 3867 essonium,
1078 3798 1112 3852 et
1131 3785 1253 3852 hebent
1272 3786 1359 3853 diem
1376 3798 1527 3855 octavum
1544 3787 1701 3855 Omnium

492 3872 685 3939 Animarum
701 3897 785 3940 anno
801 3874 926 3953 eodem,
939 3873 1030 3959 quod
1044 3872 1098 3939 die
1112 3885 1221 3959 partes
1235 3873 1392 3960 placitant
1405 3886 1565 3955 tenentes,
1579 3872 1702 3941 hubent

492 3959 598 4027 visum
618 3971 651 4026 et
669 3959 791 4027 habent
805 3961 891 4025 diem
905 3959 941 4024 in
952 3982 1008 4024 xv.
1023 3959 1168 4037 Paschoe,
1180 3983 1264 4026 auno
1277 3960 1324 4026 xl.
1337 3983 1436 4048 quom
1451 3960 1538 4028 diem
1553 3973 1700 4028 tenentes

493 4058 643 4113 essonant
655 4068 758 4111 unum
771 4046 889 4125 visum,
901 4057 934 4112 et
943 4043 1067 4113 habent
1077 4069 1133 4113 xv.
1146 4046 1319 4115 Michaelis
1331 4071 1416 4115 anno
1427 4048 1551 4116 eodem.
1591 4046 1701 4120 Quem

494 4134 580 4199 diem
610 4131 809 4197 Willielmus
841 4133 954 4217 Cogan
983 4133 1112 4200 vocavit
1140 4133 1276 4201 Petrum
1309 4134 1454 4213 fratrem,
1483 4146 1517 4202 et
1544 4132 1700 4203 heredem

493 4219 635 4287 Walteri
652 4220 694 4286 de
712 4218 838 4303 (logan,
854 4230 889 4284 et
907 4218 1030 4286 habent
1048 4220 1137 4287 diem
1154 4234 1305 4288 octavum
1326 4221 1462 4288 Hillnrii
1478 4244 1563 4288 anno
1583 4219 1699 4287 eodem

492 4306 701 4394 desumptum
713 4304 754 4373 sd
768 4304 984 4389 uomentium,
999 4306 1041 4375 od
1056 4328 1155 4395 quem
1167 4308 1254 4376 diem
1269 4306 1386 4376 Petrus
1401 4314 1540 4389 essonot,
1552 4318 1586 4375 ct
1599 4304 1699 4375 habet
