3825 5059
1090 459 1139 529 54

509 641 605 707 villa.
652 642 844 708 Tenendum
860 654 893 706 et
907 641 1093 707 habendum
1109 642 1271 721 danobis,
1286 654 1319 707 et
1333 644 1572 711 successoribus
1586 643 1742 721 nostris,

509 728 581 806 sibi,
606 740 639 793 et
667 728 842 794 heredibus
867 728 932 791 suis
961 728 1111 793 masculis
1137 729 1173 791 in
1200 742 1408 814 perpetuum,
1435 727 1550 806 libere,
1576 730 1741 814 integre,

508 813 619 897 quiete
644 827 677 879 et
702 814 846 898 pacifice,
870 813 904 877 in
930 811 1027 896 plano
1055 827 1088 878 et
1115 814 1223 890 bosco,
1250 815 1285 879 in
1311 816 1412 898 pratis
1439 826 1472 878 et
1501 815 1664 897 pasturis,
1698 816 1739 877 in

508 900 606 964 moris
622 911 655 963 et
670 900 830 976 marescis,
850 898 885 963 in
906 900 998 983 aquis
1020 910 1053 963 et
1075 899 1279 977 molendinis,
1294 923 1369 964 cum
1390 899 1539 964 omnibus
1559 901 1738 967 libertati·

508 984 570 1048 bus
599 998 632 1051 et
657 986 766 1050 liberis
797 983 1097 1062 consuetudinibus,
1121 985 1162 1049 ad
1184 987 1321 1049 eandem
1342 998 1463 1049 terram
1484 986 1738 1069 spectantibus,

507 1092 589 1154 quas
611 1072 818 1136 warantizare
836 1092 1005 1154 possumus
1028 1071 1082 1135 vel
1100 1071 1229 1135 donare.
1275 1071 1457 1136 Reddendo
1475 1072 1553 1136 inde
1571 1072 1675 1137 nobis
1697 1083 1737 1135 et

508 1158 747 1222 successoribus
765 1157 894 1232 nostris,
912 1157 981 1239 ipse
1000 1169 1034 1221 et
1050 1156 1186 1221 heredes
1208 1156 1259 1220 sui
1276 1157 1442 1234 antedicti,
1459 1179 1557 1221 unam
1575 1180 1736 1223 marcam

508 1245 634 1328 argenti
664 1244 705 1307 ad
735 1242 816 1306 duos
846 1242 999 1306 terminos
1029 1254 1211 1318 consuetos,
1239 1242 1404 1322 videlicet,
1434 1242 1643 1307 medietatem
1684 1242 1735 1307 ad

509 1327 677 1405 Pascham,
700 1340 732 1393 et
755 1328 848 1391 aliam
871 1327 1076 1392 medietatem
1100 1328 1141 1391 ad
1166 1328 1286 1392 festum
1313 1328 1425 1392 Sancti
1448 1328 1632 1407 Michaelis,
1659 1350 1731 1412 pro

509 1414 597 1477 omni
618 1414 761 1493 servitio,
779 1426 812 1478 et
831 1414 1001 1492 demanda,
1019 1414 1061 1477 ad
1077 1435 1136 1477 nos
1154 1425 1188 1477 et
1206 1435 1406 1478 successores
1423 1424 1550 1478 nostros
1567 1427 1730 1497 spectan-

509 1499 606 1564 tibus.
653 1500 723 1563 Nos
746 1522 823 1564 vero
846 1510 879 1563 et
902 1521 1099 1563 successores
1121 1498 1234 1576 nostri,
1255 1499 1436 1562 dominium
1457 1500 1526 1563 sive
1548 1500 1729 1564 redditum

509 1585 679 1649 annualem
711 1585 863 1669 predictae
897 1596 1003 1663 terra,
1031 1584 1114 1649 nulli
1140 1585 1270 1649 omnino
1298 1584 1423 1649 homini
1448 1586 1726 1667 permutabimus.

508 1670 556 1734 Ut
578 1684 685 1734 autem
708 1670 776 1735 haec
795 1683 904 1735 nostra
927 1671 1070 1745 donatio,
1091 1669 1265 1747 concessio,
1283 1682 1316 1734 et
1337 1684 1433 1734 carta
1452 1670 1665 1748 confirmatio,
1685 1671 1725 1733 in

507 1766 673 1839 posterum
687 1756 787 1820 robur
803 1757 947 1840 optineat
961 1755 1131 1834 firmitatis,
1144 1755 1287 1839 presenti
1301 1768 1397 1820 cartae
1409 1756 1552 1842 sigillum
1566 1768 1724 1821 nostrum

508 1841 662 1904 duximus
684 1843 922 1926 apponendum.
969 1841 1045 1905 Hiis
1068 1842 1215 1920 testibus,
1237 1841 1278 1907 G.
1301 1842 1449 1918 Decano,
1468 1842 1517 1906 M.
1540 1841 1724 1907 Archidia·

508 1950 601 2003 cono,
617 1928 666 1992 M.
682 1928 889 2005 Precentors,
901 1926 940 1991 Ο.
956 1927 1182 2005 Thesaurario,
1197 1928 1241 1993 D.
1254 1926 1468 2005 cancellario,
1478 1926 1722 2005 Clonensibus3

510 2013 551 2077 G.
572 2012 810 2078 Archidiacono
834 2014 875 2078 de
897 2012 1108 2089 Omachatha,
1127 2013 1256 2077 domino
1280 2013 1435 2097 Philippo
1456 2011 1523 2076 filio
1541 2012 1722 2078 Willielmi

510 2100 550 2162 de
576 2099 693 2185 Barry,
718 2099 872 2182 Philippo
896 2098 964 2162 filio
991 2099 1113 2163 Odonis
1143 2099 1184 2163 de
1211 2098 1317 2177 Barri,
1346 2099 1476 2162 domino
1503 2098 1650 2163 Henrico
1672 2100 1720 2163 de

509 2183 678 2267 Chapella,
692 2184 870 2248 Willielmo
893 2184 934 2247 de
957 2184 1146 2263 Sharisfeld,
1164 2196 1198 2248 et
1219 2184 1300 2249 aliis.
1345 2184 1468 2249 Datum
1490 2207 1575 2247 anno
1596 2186 1718 2270 graciae

508 2268 677 2333 millesimo
697 2291 742 2333 cc.
765 2269 1034 2355 quinquagesimo
1056 2270 1209 2334 secundo.

553 2354 718 2437 Scriptum
732 2356 772 2418 ds
785 2378 883 2418 manu
899 2354 1022 2417 domini
1035 2354 1056 2417 J
1057 2354 1193 2419 ohannis
1206 2355 1318 2441 Saudy
1328 2355 1458 2431 notarii,
1471 2357 1560 2439 apud
1573 2355 1716 2441 Balagh·

508 2438 563 2503 ath
579 2439 684 2502 xxiiii.
702 2440 753 2503 die
770 2439 905 2522 Aprilis,
921 2462 1005 2503 anno
1021 2439 1156 2505 Domini
1172 2439 1365 2526 [millesimo]
1382 2463 1465 2507 cccc.
1481 2442 1635 2507 secundo.

552 2610 656 2675 Nono
676 2611 729 2676 die
745 2610 839 2687 Maii,
854 2634 937 2675 anno
957 2609 1092 2675 Domini
1109 2611 1277 2676 millesimo
1296 2634 1380 2677 cccc.
1396 2613 1551 2692 secundo,
1565 2612 1602 2677 in
1617 2614 1716 2679 vesti·

508 2696 586 2761 bulo
598 2698 747 2761 Fratrum
760 2697 922 2761 minorum
936 2698 1076 2777 Bothon,
1090 2698 1240 2762 dominus
1253 2698 1427 2783 Philippus
1441 2700 1483 2763 de
1494 2698 1601 2784 Barry
1611 2700 1717 2776 miles,

508 2784 658 2848 dominus
674 2785 715 2849 de
730 2784 871 2849 Olethan
886 2796 920 2848 et
935 2784 1237 2869 Muscrydonygan,
1257 2785 1304 2849 ita
1318 2786 1472 2849 convenit
1492 2808 1566 2849 cum
1582 2786 1714 2850 domino

509 2868 652 2935 Geraldo
669 2870 734 2936 Dei
747 2871 850 2959 gratia
864 2870 1028 2955 Episcopo
1044 2870 1160 2947 Clone,
1175 2870 1265 2955 quod
1280 2870 1321 2934 de
1335 2883 1442 2934 cetero
1457 2894 1524 2934 non
1539 2882 1640 2954 ponet
1654 2893 1715 2955 per

509 2978 542 3019 se
565 2968 622 3021 aut
633 2978 692 3040 per
705 2957 802 3021 alium
814 2957 943 3021 nominc
959 2980 1031 3030 suo,
1044 2957 1159 3042 bonys,
1173 2976 1291 3042 cowys,
1307 2956 1484 3042 guydagia,
1494 2956 1550 3020 vel
1564 2957 1714 3043 pedagia,

508 3063 608 3125 super
621 3054 760 3107 castrum
782 3066 876 3106 suum
892 3054 926 3107 et
939 3043 1119 3108 dominium
1134 3043 1176 3107 de
1196 3042 1450 3128 Kylmaclenyn,
1465 3064 1502 3107 ac
1516 3054 1664 3107 tenentes
1678 3043 1714 3107 in

509 3126 631 3189 eisdem
644 3140 869 3209 permanentes
887 3151 945 3192 seu
963 3139 1195 3194 commorantes
1205 3154 1215 3206 3
1237 3140 1271 3193 et
1292 3130 1400 3213 quoad
1422 3129 1600 3213 burgenses
1619 3126 1712 3193 dictae

509 3210 593 3273 villae
607 3211 648 3274 de
665 3211 906 3295 Kylmaclenyn
919 3214 1066 3295 promisit
1080 3226 1239 3297 utsupra,
1255 3214 1345 3299 quod
1356 3213 1487 3278 minime
1501 3224 1604 3297 ponet
1616 3236 1714 3278 onera

507 3295 621 3358 illicita
647 3318 745 3378 super
774 3318 840 3372 eos,
866 3297 929 3359 nisi
958 3299 1119 3362 mediante
1141 3298 1232 3382 justo
1260 3300 1354 3364 titulo
1378 3300 1501 3364 domini
1524 3298 1636 3383 Regis,
1658 3312 1714 3363 aut

508 3380 609 3462 ipsius
626 3380 748 3444 domini
776 3380 935 3443 Johannis
964 3395 997 3446 et
1026 3393 1262 3447 autecessorum
1287 3407 1431 3458 suorum,
1453 3384 1558 3468 primo
1585 3397 1713 3449 ostenso

509 3466 594 3531 dicto
611 3466 714 3532 Clone
734 3466 915 3549 Episcopo:
939 3478 972 3529 et
990 3468 1031 3531 ad
1049 3467 1110 3531 ista
1130 3468 1239 3531 omnia
1258 3481 1291 3533 et
1311 3466 1439 3554 singula
1461 3470 1494 3531 in
1517 3482 1714 3553 perpetuum

508 3552 707 3617 observanda
721 3550 872 3630 fideliter,
885 3574 983 3615 manu
998 3575 1055 3616 suo
1070 3551 1175 3636 posita
1185 3552 1269 3617 inter
1281 3576 1394 3617 manus
1410 3553 1533 3617 domini
1545 3555 1712 3640 Episcopi,

507 3638 571 3703 fide
588 3640 693 3704 media
710 3638 866 3723 promisit.
914 3638 1001 3702 Etsi
1021 3638 1186 3723 contingat
1200 3638 1307 3722 ipsum
1329 3638 1496 3703 dominum
1518 3640 1539 3703 J
1541 3640 1713 3719 ohannem,

508 3726 597 3810 quod
614 3725 707 3803 absit,
729 3724 886 3809 promissa
899 3747 966 3789 non
982 3724 1170 3807 adimplere,
1185 3724 1221 3788 in
1237 3737 1327 3809 parte
1342 3725 1397 3790 vel
1411 3724 1445 3789 in
1468 3736 1548 3804 toto,
1563 3728 1713 3793 submisit

508 3834 541 3875 se
557 3813 626 3876 sine
649 3812 758 3897 aliqua
767 3811 852 3897 juris
868 3811 1068 3886 defensione,
1082 3810 1246 3886 citatione,
1261 3811 1315 3875 vel
1331 3834 1495 3895 processu,
1510 3813 1599 3912 quod
1617 3812 1713 3878 liceat

508 3898 653 3979 predicto
670 3898 834 3981 Episcopo
850 3897 1023 3961 sententias
1036 3896 1253 3979 suspensionis
1269 3911 1302 3961 et
1323 3900 1662 3963 excommunrcationis
1677 3898 1709 3963 in

507 4006 677 4065 personam
689 3984 768 4047 dicti
778 3984 799 4047 J
801 3983 935 4047 ohannis
949 3982 1133 4061 fulminare,
1143 3994 1176 4047 et
1190 3983 1322 4047 domum
1332 3984 1447 4068 ipsius,
1455 3985 1540 4049 infra
1552 3984 1713 4049 diocesem

509 4068 612 4134 Clone
635 4069 858 4147 constitutum,
881 4067 1095 4133 ecclesiastico
1118 4091 1301 4153 supponere
1323 4071 1507 4136 interdicto.
1549 4071 1712 4136 Presenti-

507 4156 569 4219 bus
590 4155 742 4240 magistro
761 4153 911 4239 Eugenio
932 4153 1065 4219 Decano
1091 4154 1205 4234 Clone,
1226 4154 1381 4221 fratribus
1404 4156 1545 4220 Patricio
1569 4156 1712 4239 Kempe,

508 4242 529 4303 J
532 4242 657 4305 ohanne
688 4239 799 4324 Lange
830 4240 1014 4316 Canonicis,
1044 4240 1175 4305 domino
1198 4242 1219 4305 J
1221 4242 1347 4306 ohanne
1369 4241 1486 4306 Walsh
1515 4242 1647 4305 Vicario
1669 4242 1711 4305 de

509 4326 761 4411 Kylmaclenyn,
779 4323 938 4389 Nicholao
954 4326 1021 4390 filio
1038 4326 1059 4389 J
1061 4326 1196 4392 ohannis
1212 4326 1328 4411 Barry,
1343 4327 1468 4392 Thoma
1481 4326 1548 4391 filio
1565 4326 1713 4412 Philippi
