3825 5059
1114 452 1162 522 48

537 639 657 739 viana
681 637 836 739 expense
862 638 903 703 a.
923 636 1081 787 prensa
1104 636 1199 701 terris
1223 634 1357 719 paene.
1379 636 1593 719 ponoenas.
1638 610 1754 703 nt'aa

537 746 690 824 mpJorem
706 734 908 789 secuntatem

947 724 1022 809 ujus
1038 722 1261 786 conventionis
1280 721 1383 785 donec
1407 722 1449 785 ad
1472 722 1607 806 plenum
1622 745 1754 806 preno-

536 821 657 874 minata
671 808 890 892 perficiantur,
911 808 992 873 alter
1007 806 1139 872 alterius
1160 806 1281 890 scripto
1299 805 1442 891 sigillum
1463 829 1558 872 snum
1577 831 1598 872 a
1621 808 1753 892 posuit,

500 922 501 925 ¹
536 894 599 958 hiis
614 895 760 971 testibus,
771 893 935 958 Florentio
952 894 1112 957 Rossense
1128 892 1302 975 Episcopo,
1312 891 1461 956 Galfrido
1471 892 1586 992 Turvy
1622 894 1752 958 Archi·

537 980 672 1044 diacono
687 978 856 1057 Dublinie‚
870 980 919 1043 M.
931 979 999 1044 filio
1014 978 1056 1043 G.
1070 978 1091 1042 J
1094 977 1257 1042 usticisrio
1270 976 1454 1057 Hiberniae,
1469 978 1518 1041 M.
1528 977 1595 1042 fibo
1606 977 1751 1065 Griffyn

536 1064 578 1129 de
592 1052 725 1148 Ἔπη,
756 1064 866 1130 David
896 1064 1015 1149 Barry,
1044 1063 1152 1127 Adam
1179 1062 1220 1126 de
1247 1059 1381 1138 Audon,
1408 1062 1558 1127 Johanne
1586 1063 1750 1141 Travers,

537 1150 697 1237 Magistro
720 1149 845 1214 Thoma
867 1150 907 1215 de
929 1148 1066 1225 Cavilla,
1088 1146 1233 1213 Rcberto
1248 1148 1289 1211 de
1304 1147 1420 1224 Vadis,
1439 1158 1472 1213 et
1491 1148 1571 1212 aliis.
1615 1148 1749 1215 Datum

536 1247 569 1301 et
597 1236 718 1301 sactum
743 1258 802 1320 per
833 1236 958 1318 copiam
987 1234 1187 1298 indentatam
1215 1255 1288 1318 quae
1315 1232 1426 1298 estin
1454 1231 1684 1313 Thesaurario,
1710 1247 1750 1299 et

536 1322 701 1406 predictus
717 1321 758 1387 G.
775 1332 824 1385 est
840 1319 1009 1385 Galfridus
1025 1318 1066 1383 de
1082 1319 1194 1383 Marre
1219 1366 1226 1381 .

579 1407 663 1472 Haec
678 1418 727 1470 est
744 1406 915 1472 conventio
932 1405 1018 1469 inter
1037 1403 1171 1469 fratrem
1185 1341 1327 1468 Alanum
1346 1402 1548 1488 Episcopum
1565 1403 1682 1483 Clone,
1696 1428 1746 1471 ex

536 1504 628 1577 parte
643 1514 719 1567 una,
735 1504 768 1557 et
783 1492 804 1556 J
806 1490 968 1555 ohannem
983 1490 1145 1566 Caunton,
1161 1511 1204 1552 ex
1223 1500 1315 1573 parte
1331 1488 1444 1568 altera,
1458 1489 1624 1569 videlicet,
1638 1490 1744 1561 Quod

536 1577 702 1662 predictus
717 1576 817 1641 irater
832 1577 875 1641 A.
892 1576 1051 1640 concessit
1065 1587 1098 1640 et
1112 1574 1154 1639 ad
1168 1574 1266 1638 finem
1280 1574 1414 1639 tradidit
1428 1575 1574 1659 predicto
1590 1576 1621 1640 J.
1638 1587 1745 1641 totam

536 1675 654 1727 terram
672 1684 771 1747 quam
792 1661 974 1727 Dermitius
995 1659 1285 1746 Macgyllecclman
1306 1659 1422 1724 habuit
1441 1661 1477 1724 in
1498 1672 1681 1727 tenemento
1698 1662 1743 1726 de

536 1746 653 1823 Acros,
664 1750 748 1812 sicut
762 1748 878 1813 melius
892 1759 925 1812 ct
937 1746 1067 1831 plenius
1079 1747 1184 1811 dictus
1198 1746 1241 1811 D.
1255 1745 1361 1811 tenuit
1372 1746 1480 1831 aliquo
1492 1757 1650 1846 tempore,
1663 1769 1743 1811 cunr

535 1834 739 1917 pertinentiis
757 1833 824 1898 suis
845 1833 887 1898 ad
906 1832 1081 1897 terminum
1100 1830 1193 1895 xxiii.
1210 1854 1380 1910 annorum,
1401 1832 1540 1897 termino
1561 1832 1743 1916 mcipiente

536 1919 578 1983 ad
597 1918 715 1983 festum
730 1919 823 1983 Beati
841 1917 1014 1983 Michaelis
1029 1940 1112 1981 anno
1128 1916 1263 1981 Domini
1279 1916 1449 1981 millesimo
1464 1939 1511 1982 cc.
1526 1916 1609 1996 lxx,
1623 1929 1742 1982 tenen-

536 2005 615 2069 dum
631 2017 663 2071 et
675 2004 862 2070 habendum
877 2004 996 2068 dictam
1008 2014 1128 2067 terram
1141 2025 1216 2065 cum
1227 2002 1431 2086 pertinentiis
1445 2026 1464 2067 a
1478 2003 1625 2086 predicto
1638 2002 1742 2069 fratrc

535 2089 578 2153 A.
603 2102 637 2155 et
657 2089 894 2156 successoribus
920 2089 999 2166 suis,
1020 2087 1083 2153 sibi
1103 2099 1137 2151 et
1159 2087 1334 2152 heredibus
1355 2087 1410 2153 vel
1432 2088 1611 2173 migratis,
1631 2111 1741 2173 usque

536 2174 578 2237 ad
606 2175 704 2239 finem
733 2174 994 2259 prenominatum
1024 2184 1084 2237 etc.
1137 2172 1319 2237 Reddendc
1345 2173 1423 2237 inde
1450 2173 1630 2253 annuatim,
1657 2174 1740 2257 ipse,

535 2258 684 2337 heredes,
709 2259 763 2324 vel
790 2260 943 2344 assignati
970 2281 1050 2324 ω.
1074 2258 1116 2321 ad
1140 2258 1222 2322 duos
1249 2258 1326 2322 anni
1351 2258 1518 2337 terminos,
1544 2258 1677 2325 Paschae
1705 2271 1741 2324 et

535 2342 721 2422 Michaelis,
744 2367 804 2427 pro
828 2344 917 2408 omui
938 2343 1080 2422 servitio,
1104 2342 1241 2421 actione,
1265 2356 1299 2407 et
1324 2343 1504 2422 demandn3
1533 2344 1639 2410 dictus
1660 2366 1738 2409 vero

535 2427 635 2493 frater
656 2428 699 2493 A.
716 2440 827 2493 contra
841 2449 950 2493 omnes
965 2428 1111 2492 homines
1127 2440 1160 2492 ct
1173 2427 1309 2493 seminas
1325 2428 1561 2495 warantizabit:
1588 2442 1738 2515 preterea

537 2513 565 2578 si
579 2514 746 2599 contingat
760 2514 848 2599 quod
864 2514 971 2578 dictus
986 2514 1018 2578 J.
1033 2513 1132 2578 dictas
1147 2524 1248 2578 terras
1264 2536 1339 2580 cum
1353 2515 1557 2599 pertinentiis
1572 2516 1738 2595 alienaret,

537 2621 596 2664 seu
618 2612 758 2665 mutaret
781 2609 842 2664 etc.
864 2598 949 2663 infra
970 2598 1148 2682 predictam
1169 2610 1300 2679 terram,
1320 2599 1376 2664 ille
1400 2600 1458 2685 qui
1479 2600 1597 2665 dictam
1619 2613 1739 2665 terram

536 2685 661 2751 tenebit
682 2698 715 2751 et
736 2684 933 2771 possidebet,
947 2684 1157 2770 respondebit
1174 2697 1207 2749 et
1228 2697 1347 2751 sectam
1368 2684 1465 2750 faciet
1485 2686 1528 2750 cd
1550 2686 1672 2751 curiam
1696 2686 1738 2751 dc

538 2770 729 2856 Kyllenoun
751 2771 896 2856 exceptis
919 2769 1012 2835 dictis
1034 2782 1067 2836 et
1088 2770 1264 2835 heredibus
1287 2769 1445 2856 legittime
1472 2772 1648 2855 procreatis
1676 2783 1737 2836 etc.

537 2856 618 2923 alter
635 2857 766 2923 alterius
788 2856 930 2943 sigillum
952 2856 1114 2941 apposuit,
1126 2855 1263 2921 testibus
1282 2856 1435 2941 magistro
1457 2856 1607 2921 Johanne
1628 2856 1739 2922 Maca·

536 2941 628 3008 bram
641 2943 804 3010 Canonico
821 2943 937 3022 Clone‚
953 2954 987 3007 et
1001 2942 1083 3007 aliis.

428 3041 434 3055 ¹
483 3074 491 3092 .
581 3028 692 3094 David
707 3031 747 3094 de
764 3030 861 3114 Rupe
878 3029 982 3104 miles,
997 3027 1050 3092 die
1066 3026 1183 3091 Martis
1199 3039 1273 3092 ante
1287 3026 1405 3092 festum
1423 3026 1611 3092 Nativitatis
1627 3026 1738 3092 Beatae

322 3894 491 3960 Homsgium.

536 3111 652 3176 Mariae
661 3115 820 3200 Virginis,
832 3137 917 3177 anno
929 3114 1084 3192 xxxviii,
1093 3111 1171 3177 fecit
1185 3113 1315 3177 domino
1327 3112 1370 3177 ho
1448 3113 1514 3178 'um
1525 3135 1586 3197 pro
1594 3112 1738 3178 manerio

537 3196 577 3260 de
591 3196 721 3281 Rahyn,
731 3212 764 3261 et
777 3198 1020 3262 Personestrete
1035 3210 1069 3261 et
1080 3198 1233 3282 cognovit
1244 3221 1278 3261 se
1291 3209 1402 3263 tenere
1438 3198 1599 3264 edomino
1613 3198 1738 3263 dictum

535 3280 716 3345 manerium
730 3294 763 3345 et
778 3281 1018 3345 Perscnestrete
1033 3282 1068 3345 in
1089 3282 1221 3357 Olenon,
1236 3295 1270 3347 et
1287 3284 1328 3346 de
1347 3282 1516 3367 Kyllenon
1531 3306 1590 3368 per
1605 3282 1739 3349 servitia

536 3365 637 3431 xviis.
653 3377 687 3430 et
700 3364 807 3441 viiia,
822 3377 855 3428 et
870 3375 963 3427 sectae
979 3366 1021 3428 ad
1038 3365 1160 3429 curiam
1176 3367 1217 3430 de
1234 3367 1414 3451 Kyllencn,
1429 3368 1470 3432 de
1485 3391 1541 3433 xv.
1557 3369 1592 3433 in
1604 3392 1682 3447 xv.;
1706 3380 1740 3433 et

535 3449 683 3514 similiter
712 3449 865 3535 cognovit
894 3459 1005 3512 tencre
1033 3450 1074 3512 de
1105 3449 1234 3513 domino
1265 3452 1429 3534 Episcopo
1457 3453 1601 3517 diversas
1637 3466 1738 3519 terras

534 3536 569 3600 in
600 3534 739 3621 Fermoy
766 3546 800 3601 et
829 3534 962 3611 Clenor,
989 3534 1189 3599 continentes
1215 3557 1271 3600 xv.
1297 3546 1461 3600 carucatas
1487 3547 1583 3601 terra
1609 3552 1738 3605 vocaus

535 3621 766 3687 Munlrenlond
794 3620 830 3686 in
859 3619 993 3697 Clenor,
1014 3643 1073 3705 per
1104 3619 1271 3685 servitium
1303 3622 1344 3685 sd
1365 3620 1507 3706 primum
1527 3622 1739 3702 installatum,

536 3707 702 3793 Episcopi,
733 3707 774 3773 ad
807 3705 993 3772 faciendum
1027 3705 1168 3770 officium
1203 3706 1388 3772 Marescalli
1418 3718 1452 3773 et
1483 3708 1631 3775 similiter
1660 3710 1739 3777 fecit

536 3794 666 3858 domino
681 3792 868 3859 fidelitatem
884 3792 972 3858 dicto
987 3803 1132 3877 tempore
1147 3804 1181 3856 et
1195 3792 1302 3857 omnia
1316 3793 1478 3879 cognovit.
1551 3862 1557 3871 ,

579 3878 689 3942 David
705 3880 746 3944 de
770 3880 868 3964 Rupe
889 3878 982 3943 miles
1003 3878 1081 3943 fecit
1104 3877 1233 3943 dominc
1257 3878 1443 3967 homagium
1467 3880 1555 3965 apud
1572 3878 1604 3945 le
1620 3880 1737 3966 Kylyn

531 3962 629 4049 juxta
642 3964 784 4039 Bothon,
799 3966 852 4029 die
867 3963 971 4029 Lunae
991 3964 1141 4049 proximo
1159 3976 1233 4030 ante
1253 3964 1371 4031 festum
1392 3965 1595 4032 Inventionis
1611 3966 1736 4031 Sancta

536 4047 664 4127 Crucis,
691 4072 775 4113 anno
803 4050 898 4136 regni
926 4051 1082 4115 Edwardi
1106 4050 1237 4128 xxxix,
1259 4063 1293 4116 et
1319 4053 1472 4138 cognovit
1498 4074 1533 4117 se
1559 4064 1671 4117 tenere
1694 4051 1736 4116 de

535 4134 666 4200 dominc
696 4133 859 4219 Episcopo
890 4135 1009 4223 Rahyn
1035 4136 1070 4201 in
1100 4136 1217 4220 Ferme
1241 4185 1251 4215 ,
1278 4160 1338 4222 per
1367 4138 1500 4203 servitis
1524 4138 1622 4203 unius
1647 4136 1736 4201 feodi

535 4220 658 4299 militis,
673 4233 707 4287 ct
726 4219 801 4287 xld.
816 4220 963 4287 annualis
984 4221 1144 4301 redditus,
1158 4235 1192 4289 et
1214 4160 1458 4290 iersonestrete
1477 4224 1513 4288 in
1531 4223 1661 4301 Clenor,
1676 4244 1735 4306 pro

536 4307 667 4372 servitio
687 4307 785 4373 unius
808 4328 935 4384 marca,
949 4319 983 4373 et
1006 4306 1083 4373 allas
1106 4324 1208 4375 terras
1231 4308 1364 4389 ibidem,
1380 4332 1439 4393 per
1463 4308 1631 4379 servitium
1651 4330 1736 4394 com-

536 4392 642 4458 munis
658 4404 751 4460 secta
767 4392 864 4471 curiae
881 4392 922 4459 de
937 4392 1117 4478 Kyllenon.
