3825 5059
1088 481 1135 553 32

550 669 661 733 Simon
686 666 823 755 Anglyn
851 679 940 734 tonet
966 667 987 733 i.
1016 666 1246 754 messuagium,
1269 669 1291 734 i.
1316 694 1434 752 acram,
1459 696 1519 757 per
1549 669 1740 739 servitium

505 754 614 833 viiia,
630 767 663 819 ct
678 754 774 820 faciet
788 755 873 820 sicut
888 754 1073 834 Hubertus,
1087 753 1223 820 intrabit
1237 755 1270 820 ii.
1285 780 1382 822 acras.

550 840 699 926 Molalyn
720 841 831 926 Oquin
853 854 943 906 tenet
963 841 986 905 1.
1003 840 1177 925 cotagium,
1191 842 1225 906 ii.
1242 865 1330 908 acras
1352 857 1457 925 terrae,
1473 868 1532 930 per
1546 843 1741 910 servitium

504 927 613 1005 xvid„
629 939 662 992 ct
677 927 773 992 faciet
788 928 873 992 sicut
889 927 1073 1006 Hubertus,
1086 927 1222 991 intrabit
1236 928 1270 994 ii.
1287 952 1386 997 acras.

550 1012 730 1077 Nicholnus
747 1015 905 1079 Ocostran
924 1024 1014 1078 tenet
1031 1014 1051 1078 1.
1068 1014 1243 1098 congium,
1257 1015 1290 1082 ii.
1307 1039 1395 1083 acras
1416 1029 1523 1099 terra,
1538 1041 1608 1103 per
1629 1013 1741 1081 servi-

505 1098 588 1163 tium
601 1101 708 1178 11111,
724 1113 758 1165 11
771 1100 870 1165 saciet
884 1100 968 1165 sicut
984 1099 1166 1166 Hubertus.

549 1272 768 1339 Consrrrura
786 1271 870 1337 Coul
889 1282 921 1336 et
939 1271 1083 1357 Brewhy
1098 1272 1224 1351 dicunt,
1240 1275 1331 1360 quod
1350 1276 1488 1361 quilibet
1503 1276 1561 1362 qui
1578 1285 1685 1342 tenet
1702 1274 1738 1337 in

506 1360 634 1445 betagio
656 1360 777 1424 habens
798 1369 989 1435 carucatam,
1004 1359 1108 1423 arabit
1125 1360 1255 1424 domino
1277 1361 1319 1425 ad
1339 1385 1448 1425 semen
1468 1363 1612 1447 yemale,
1630 1374 1672 1425 ct
1694 1359 1738 1423 ad

506 1464 615 1510 semen
632 1444 921 1531 quadragesimale,
936 1466 1036 1509 uuam
1051 1467 1169 1525 acram,
1184 1457 1217 1511 et
1235 1446 1325 1513 dabit
1340 1448 1470 1513 domino
1487 1448 1572 1527 vid,
1588 1461 1629 1514 et
1646 1444 1737 1511 nihil

507 1532 613 1616 capiet
630 1555 689 1617 pro
705 1554 813 1615 opere.
1444 1590 1448 1595 ,

551 1617 636 1682 Item
652 1617 766 1682 dicunt
781 1618 871 1704 quod
895 1616 1021 1681 dabunt
1045 1617 1174 1682 domino
1195 1618 1230 1683 in
1245 1630 1357 1698 estate,
1373 1620 1513 1706 quilibet
1528 1621 1573 1686 iii.
1590 1621 1673 1686 dies
1691 1617 1736 1682 ad

507 1702 746 1779 sarculandum,
761 1704 815 1769 vel
836 1703 927 1769 dabit
947 1704 1077 1769 domino
1096 1704 1144 1770 id.
1161 1706 1206 1770 ob.
1220 1720 1253 1769 et
1267 1706 1313 1771 iii.
1330 1707 1449 1771 diesin
1465 1719 1669 1792 autumpno,
1687 1703 1732 1768 ad

507 1791 695 1854 metendum
710 1801 743 1854 et
758 1790 980 1875 colligendum
1003 1790 1137 1856 bladum
1157 1791 1291 1871 domiui,
1306 1792 1361 1857 vel
1376 1792 1467 1858 dabit
1482 1794 1616 1858 domino
1634 1794 1675 1857 iii
1684 1792 1733 1866 d„

508 1887 541 1941 et
565 1874 661 1940 etiam
691 1876 860 1941 cariabunt
884 1878 1026 1956 domino,
1048 1899 1107 1962 per
1131 1878 1189 1943 iiii.
1215 1878 1284 1942 dies
1307 1878 1342 1942 in
1368 1892 1547 1964 autumpno
1571 1880 1731 1955 bladum,

507 1961 561 2027 vel
583 1962 709 2027 dabunt
733 1963 863 2027 domino
884 1965 972 2028 urrd.
986 1964 1045 2043 ob,
1061 1975 1094 2027 et
1115 1963 1283 2029 sarisbunt
1305 1965 1436 2030 domino
1463 1989 1577 2031 versus
1601 1968 1730 2041 Clone,

508 2048 763 2135 Kylmaclenyn,
785 2060 819 2113 et
840 2049 1021 2135 Kyllenon,
1043 2062 1077 2114 et
1099 2050 1267 2117 habebunt
1288 2051 1330 2115 (11
1353 2051 1484 2117 domino
1499 2052 1520 2118 1.
1537 2065 1728 2138 repastum,

507 2146 573 2198 tam
588 2157 648 2219 pro
664 2136 756 2218 equis
772 2158 871 2220 quam
886 2158 946 2220 pro
962 2135 1157 2201 hominibus.

552 2219 636 2284 Item
662 2220 802 2303 quilibet
825 2221 915 2286 dabit
938 2222 1069 2286 domino
1093 2222 1267 2303 hcriotum,
1290 2223 1344 2289 vel
1372 2224 1540 2290 meliorem
1565 2225 1727 2301 bestiam,

508 2303 563 2369 vel
584 2303 751 2369 meliorem
773 2329 927 2391 pannum.

552 2390 638 2455 Item
656 2390 795 2475 quilibet
817 2415 949 2457 manens
972 2392 1009 2457 in
1031 2404 1118 2459 terra
1141 2395 1265 2460 domini
1286 2396 1377 2463 dabit
1392 2397 1522 2463 dominc
1540 2399 1582 2463 ad
1596 2398 1726 2464 festum

508 2476 697 2543 Nativitatis
714 2476 848 2542 Domini
863 2478 883 2543 i.
898 2479 1063 2563 gallinam,
1075 2481 1130 2545 vel
1144 2482 1193 2547 id.

553 2563 637 2629 Item
667 2562 787 2629 debent
812 2566 970 2631 mundare
999 2565 1030 2631 le
1059 2567 1248 2653 millepolle‚
1275 2582 1308 2635 et
1337 2571 1427 2656 quod
1456 2570 1567 2636 nullus
1596 2570 1724 2637 habeat

507 2650 624 2717 molam
641 2651 834 2731 manualem,
850 2652 919 2717 sine
933 2652 1065 2718 licentia
1079 2654 1214 2734 domini,
1230 2669 1264 2721 et
1278 2657 1305 2721 si
1323 2657 1451 2735 habeat,
1466 2658 1671 2725 amercictur.

553 2738 638 2804 Item
653 2738 767 2804 dicunt
782 2740 872 2825 quod
887 2740 1037 2805 dominus
1052 2740 1259 2820 Willielmus,
1270 2744 1356 2809 filius
1372 2744 1482 2809 David
1498 2745 1613 2830 Barry,
1626 2754 1723 2810 tenet

509 2827 549 2891 de
563 2826 692 2892 domino
705 2828 882 2892 manerium
897 2827 937 2893 de
950 2828 1590 2917 11111111,ρε111111113111111,11(11111111111,
1602 2843 1722 2896 etsec-

508 2926 574 2979 tam
589 2915 699 2994 curiae,
713 2927 745 2980 ct
758 2915 813 2981 iia.
827 2916 999 2982 annualem
1014 2916 1199 2995 redditum3
1218 2928 1252 2983 et
1263 2916 1418 2999 continet,
1433 2930 1471 2983 ut
1485 2918 1641 2986 creditur.
1657 2968 1669 2988 .
1683 2966 1717 2987 ..

553 3086 828 3166 Mnnoanrtnnrr,
843 3092 931 3175 quod
951 3091 1060 3155 David
1077 3090 1180 3176 Barry
1196 3103 1326 3157 tenetur
1343 3090 1481 3156 reddero
1496 3115 1556 3177 pro
1572 3092 1720 3158 Dromor

509 3169 672 3254 Episcopo
698 3172 812 3245 Clone,
837 3177 878 3237 ad
904 3177 1085 3259 quemlibet
1106 3178 1281 3241 terminum
1304 3179 1451 3242 usualem
1474 3178 1562 3258 anni,
1585 3200 1651 3255 xa,
1674 3178 1719 3242 de

508 3254 628 3339 quibus
653 3267 735 3318 esta
754 3268 840 3320 retro
865 3271 926 3337 tot,
941 3282 1001 3341 per
1024 3261 1070 3324 xl.
1086 3261 1140 3323 vel
1159 3284 1241 3325 xxx.
1265 3286 1375 3326 annos.
1421 3264 1506 3327 Item
1528 3262 1720 3348 quodlicet

507 3338 611 3402 linaiis
631 3338 801 3402 conventio
821 3340 904 3405 sacta
921 3342 1031 3421 suerit,
1046 3344 1132 3408 inter
1150 3345 1322 3410 Danielem
1344 3346 1544 3430 Episcopum
1564 3350 1668 3414 Clone
1684 3362 1720 3415 et

506 3422 722 3487 Willielmum
750 3423 867 3510 Barry,
892 3426 933 3489 de
962 3448 1122 3491 consensu
1149 3428 1294 3513 Capituli
1322 3431 1363 3494 (11
1388 3431 1504 3509 Clone,
1529 3454 1589 3515 per
1614 3458 1720 3517 quam

506 3511 613 3575 dictus
635 3508 832 3575 Willielmus
855 3511 1014 3576 concessit
1033 3513 1175 3579 ecclesiae
1196 3516 1237 3579 (11
1260 3516 1363 3581 Olone
1379 3515 1421 3578 vi.
1438 3529 1601 3579 carucatas
1617 3532 1716 3589 terrae

506 3596 542 3661 in
566 3596 663 3675 Coul,
678 3610 776 3683 prout
799 3610 888 3683 patet
908 3598 943 3663 in
968 3597 1055 3664 dicta
1078 3602 1291 3667 conventione
1316 3614 1501 3667 remanente
1526 3603 1560 3666 in
1582 3602 1717 3673 thesau-

507 3685 592 3751 rario
615 3684 656 3750 dc
682 3684 796 3765 Clone,
818 3685 1046 3751 nichilominus
1070 3686 1181 3753 David
1206 3689 1321 3774 Barry,
1344 3688 1493 3753 dominus
1518 3689 1629 3755 David
1654 3695 1715 3778 qui

507 3794 595 3838 nunc
610 3784 670 3853 est,
686 3774 821 3839 extorsit
836 3786 869 3839 ct
882 3774 1104 3859 appropriavit
1118 3799 1216 3840 unam
1234 3776 1399 3841 dimidiam
1419 3790 1602 3843 carucatam
1617 3790 1727 3847 terrae.

508 3858 549 3924 (11
565 3860 659 3923 dictis
675 3859 716 3924 vi.
733 3861 888 3927 carucatis
909 3874 1003 3925 terrae
1018 3863 1139 3926 vocatis
1155 3862 1313 3949 chbagh
1333 3876 1367 3929 et
1381 3864 1534 3951 Curragh
1553 3865 1713 3943 Cronuar,

508 3967 581 4031 quae
606 3945 740 4011 dimidia
766 3960 921 4016 carucatas
945 3950 1032 4035 jacet
1055 3949 1142 4015 inter
1165 3948 1318 4015 fossatum
1344 3951 1564 4037 Berchiarchy
1576 3978 1585 4030 ;
1615 3974 1713 4038 quarn

508 4032 641 4119 quidem
671 4032 837 4099 dimidiam
867 4048 1048 4101 carucatam
1078 4038 1258 4102 terrae'istc
1286 4037 1394 4104 David
1424 4038 1562 4103 scienter
1590 4038 1710 4125 injuste

508 4119 644 4197 detinet,
668 4141 728 4202 pro
754 4142 792 4185 eo
819 4123 909 4207 quod
937 4123 1069 4208 quidam
1096 4124 1207 4190 David
1232 4124 1263 4189 11
1291 4125 1437 4191 Honhan
1465 4125 1556 4190 dedit
1582 4124 1712 4189 domino

508 4206 652 4273 Johanni
676 4204 792 4292 Barry,
816 4210 909 4294 cujus
932 4210 993 4276 ista
1017 4210 1128 4275 David
1152 4212 1258 4298 Barry
1273 4224 1321 4276 est
1340 4212 1456 4292 haeres,
1471 4212 1557 4277 cxls.
1574 4212 1615 4275 acl
1636 4233 1712 4275 con-

507 4294 707 4361 cordandum
724 4293 814 4379 quod
833 4293 1017 4379 inquiratur
1032 4319 1092 4382 per
1114 4313 1291 4383 patentem,
1306 4301 1347 4363 ad
1370 4322 1481 4385 quem,
1496 4299 1549 4362 vel
1564 4298 1606 4361 ad
1619 4320 1710 4383 qnos,

506 4381 690 4464 pertinebat
702 4380 743 4445 (11
753 4380 830 4468 jure
843 4381 929 4447 dicta
942 4383 1077 4448 dimidia
1088 4398 1237 4449 1111111111
1249 4396 1356 4463 terra,
1368 4399 1401 4450 et
1413 4393 1596 4471 potentator
1609 4384 1711 4463 veuit,

507 4479 540 4534 et
556 4468 641 4534 dixit
655 4467 744 4554 quod
759 4469 845 4535 dicta
859 4481 947 4536 terra
961 4469 1145 4556 pertinebat
1158 4470 1301 4537 ecclesia
1317 4472 1358 4537 de
1374 4470 1489 4552 Clone,
1501 4471 1590 4536 unde
1606 4482 1666 4536 etc.
