3825 5059
1104 330 1148 401 16

521 517 556 581 in
571 529 763 601 autumpno,
775 514 907 602 quando
922 513 1129 583 summonitio
1143 513 1244 581 fuerit
1257 537 1317 601 per
1331 514 1520 597 ballivum,
1536 528 1582 584 et
1597 514 1777 583 cariubum
1857 480 1859 561 l

521 602 651 667 domino
667 600 801 680 serrum,
815 602 929 667 vinum
945 613 979 668 et
992 602 1101 668 salem.

564 688 649 754 Item
665 688 778 754 dicunt
799 690 891 775 quod
910 688 1010 754 habet
1027 688 1064 754 in
1083 687 1226 755 manerio
1241 687 1283 754 da
1302 688 1573 777 Kylmaclenyn
1591 689 1665 756 iiii.
1683 710 1774 753 caru·

521 786 605 841 estas
620 786 726 855 terrae,
741 774 827 840 utin
841 776 953 854 vastis,
968 790 1002 841 et
1020 774 1055 840 in
1070 775 1222 852 bruariis,
1236 787 1270 842 et
1290 775 1402 855 hestis,
1416 800 1499 842 cunr
1519 776 1596 842 itta
1612 788 1773 842 carucata
1859 794 1861 802 ·

519 872 627 940 terre,
642 883 739 947 quam
759 860 870 927 David
887 861 1119 948 llacbuthlsgh
1132 861 1239 928 tenuit
1255 862 1298 927 ad
1311 861 1436 928 firmam
1451 864 1498 929 de
1518 864 1698 941 domino,
1713 881 1771 945 per

520 948 690 1014 servitium
706 947 740 1016 ii.
756 970 936 1014 marcarum
958 948 1014 1017 iis.
1038 949 1110 1015 vid.
1127 949 1174 1014 ob.
1217 950 1306 1027 uod,
1325 972 1424 1036 quam
1447 949 1613 1036 quidem
1643 961 1769 1015 terram

519 1033 718 1101 Willielmus
740 1034 978 1121 Sugeweberry
997 1035 1115 1111 tenuit,
1132 1048 1167 1101 et
1241 1037 1353 1101 bertus
1372 1035 1461 1102 lilius
1482 1060 1591 1102 suus*
1609 1032 1768 1101 reddidit

520 1144 650 1188 rursum
663 1122 699 1188 in
713 1121 861 1187 manibus
877 1120 1034 1205 Episcopi
1049 1144 1110 1206 pro
1130 1121 1187 1187 illo
1202 1122 1347 1202 servitio,
1361 1134 1395 1188 et
1409 1122 1481 1187 alie
1496 1123 1570 1188 iiii.
1592 1132 1764 1187 earuoutae

519 1220 614 1274 terrae
628 1220 705 1274 sunt
719 1208 754 1273 in
770 1207 916 1272 manibus
933 1206 1101 1292 Episcopi.
1138 1208 1185 1273 Et
1198 1209 1227 1272 si
1242 1208 1324 1274 alius
1339 1209 1381 1274 de
1395 1208 1593 1275 heredibus
1612 1204 1765 1293 predicti

520 1293 692 1361 Willielmi
704 1294 826 1359 vellent
836 1306 947 1359 tenere
959 1294 1079 1359 dictam
1090 1306 1272 1359 carucatam
1283 1307 1390 1371 terre,
1399 1295 1528 1361 dabunt
1541 1318 1620 1381 per
1633 1312 1760 1359 annum

520 1380 555 1445 ii.
570 1404 692 1447 marcas
709 1380 764 1446 iis.
780 1381 850 1445 sid
866 1381 913 1445 ot.
929 1381 1040 1465 quod,
1055 1392 1089 1445 et
1109 1403 1314 1446 communem
1334 1393 1465 1461 sectam,
1479 1404 1565 1447 cum
1593 1379 1758 1447 omnibus

521 1466 692 1552 arreragiis
707 1466 813 1532 xxiiii.
829 1487 999 1546 annorum,
1010 1477 1044 1531 et
1057 1466 1120 1531 hoc
1135 1467 1198 1532 erit
1211 1467 1254 1531 ad
1268 1466 1470 1533 voluntatem
1485 1467 1643 1533 domini.

564 1552 651 1618 Item
666 1564 886 1617 tenementum
902 1553 992 1637 quod
1008 1552 1096 1619 Phili
1120 1576 1182 1638 pus
1198 1551 1326 1619 Archer
1340 1553 1460 1634 tenuit,
1473 1554 1596 1621 reddit
1612 1550 1753 1619 domiuo

526 1686 646 1707 ......
651 1660 711 1724 per
726 1660 859 1721 annum,
874 1639 965 1725 quod
983 1640 1061 1707 emit
1114 1638 1259 1706 icholaus
1274 1638 1468 1727 Episcopus.

563 1773 740 1862 Philippus
755 1775 872 1863 Barry,
1171 1774 1280 1839 Adam
1295 1774 1383 1841 Oard
1405 1798 1482 1861 gan,

564 1860 726 1929 Dominus
742 1863 908 1929 Johannes
922 1862 1054 1941 Growe,
1171 1861 1338 1927 Henricus
1393 1862 1486 1948 ardy,

564 1948 724 2015 Ricardus
739 1949 901 2036 OMythe,
1171 1947 1193 2012 J
1194 1946 1337 2013 ohannes
1345 1948 1411 2015 fitz.
1422 1948 1445 2012 J
1446 1946 1584 2013 ohannis
1601 1943 1741 2033 Mythe,

564 2036 705 2101 Thomas
722 2036 797 2123 Kyr
840 2086 850 2115 ,
1172 2033 1286 2099 Simon
1301 2034 1403 2119 Syall,

564 2119 764 2187 Willielmus
785 2060 912 2210 Illury,
1172 2119 1283 2185 David
1297 2120 1426 2200 Walsb,

565 2205 677 2272 David
692 2208 823 2294 Mythe,
1172 2205 1336 2272 Robertus
1351 2206 1454 2292 Syall,

566 2291 751 2377 Stephanus
766 2294 788 2358 J
789 2316 859 2372 oce,
1172 2292 1284 2358 David
1298 2292 1438 2380 Myagh,

565 2376 744 2446 Nicholaus
753 2378 1028 2465 fitz.PhilippiM
1051 2378 1120 2459 the,
1172 2378 1337 2445 Johaunes
1353 2379 1485 2467 Kryks‚

566 2586 636 2661 Qui
655 2585 759 2675 jurati
788 2586 903 2652 dicunt
931 2586 1022 2672 quod
1051 2585 1162 2651 David
1191 2585 1318 2673 Myagh
1346 2586 1433 2653 filius
1462 2586 1611 2673 Philippi
1639 2594 1730 2653 tenet
1859 2569 1861 2622 !

522 2761 653 2829 domino
684 2762 848 2847 Episcopo
879 2760 995 2837 Clone‚
1024 2783 1083 2845 per
1113 2760 1282 2825 serviuum
1311 2760 1397 2839 xla,
1427 2782 1486 2845 per
1518 2783 1666 2838 annum;
1695 2767 1727 2823 et
1859 2807 1861 2828 ᾗ

522 2846 663 2916 Thomas
679 2848 795 2938 Kyrry
806 2860 897 2915 tenet
912 2847 946 2911 K
971 2848 1104 2914 lcornsn
1118 2846 1159 2911 ab
1175 2846 1289 2911 eodem
1305 2847 1469 2931 Episcopo
1484 2869 1544 2931 per
1558 2847 1727 2913 servitium

494 2960 498 2965 ·
521 2935 596 3001 xld.
643 2936 688 3001 Et
703 2935 817 3001 dicunt
835 2935 924 3021 quod
940 2872 1100 3000 liicardus
1115 2932 1156 2998 de
1173 2932 1258 3019 Myd
1273 2933 1380 2998 senior
1394 2944 1428 2999 et
1445 2945 1661 2999 antecessores
1675 2928 1726 2999 sui
1859 2985 1861 3016 :

522 3020 691 3170 solvprunt
711 3021 797 3085 dicto
819 3020 948 3085 domino
968 3020 1130 3105 Episcopo
1151 3018 1318 3085 annuatim
1337 3019 1379 3085 de
1399 3017 1557 3106 Kylbryn
1570 3020 1665 3086 xvid.
1679 3018 1724 3084 cb·
1859 3025 1861 3036 '

545 3127 587 3171 uc
611 3154 620 3171 .

523 3128 544 3193 q
567 3189 678 3256 Sciant
696 3202 864 3275 presentes
882 3203 916 3256 et
935 3190 1051 3269 futuri,
1072 3192 1162 3277 quod
1183 3215 1245 3278 ego
1264 3190 1364 3258 frater
1383 3192 1505 3259 Daniel
1523 3191 1724 3259 miseratione
1859 3219 1861 3232 ·

522 3276 645 3357 divina,
661 3276 844 3361 Episcopus
861 3277 977 3354 Olone,
992 3277 1080 3356 dedi,
1095 3277 1248 3357 concessi,
1263 3290 1296 3344 et
1315 3277 1375 3345 hac
1390 3279 1535 3365 presenti
1555 3292 1644 3346 carta
1656 3300 1724 3344 mea

522 3362 722 3444 confirmavi,
747 3362 873 3429 dilectis
900 3362 975 3427 filiis
1002 3363 1081 3428 meis
1106 3363 1325 3451 burgensibus
1348 3367 1389 3431 de
1416 3364 1671 3452 Kylmaclenyn,
1693 3375 1724 3429 et

523 3474 634 3519 eorum
656 3448 831 3518 heredibus
853 3450 894 3515 de
918 3448 1173 3537 Kylmaclenyn,
1195 3463 1294 3537 prout
1314 3450 1429 3517 melius
1452 3463 1486 3518 et
1512 3452 1647 3517 liberius
1670 3472 1723 3536 per

521 3540 742 3607 venerabilem
761 3549 886 3623 patrem
907 3548 1055 3603 nostrum
1075 3536 1208 3604 fratrem
1229 3537 1351 3618 David,
1366 3538 1420 3604 dei
1481 3538 1545 3604 atis
1563 3539 1724 3625 quondam

522 3625 643 3711 Episco
668 3650 724 3693 um
740 3626 855 3704 Clone,
870 3624 934 3691 fuit
948 3624 1071 3691 eisdem
1084 3636 1281 3703 mensurata,
1293 3637 1326 3691 et
1340 3561 1564 3709 perambulas
1575 3626 1724 3709 (excepta

547 3652 682 3779 articula
696 3726 790 3779 terras
806 3710 1041 3795 contentiose),
1050 3734 1148 3796 quam
1160 3710 1224 3795 ipsi
1235 3711 1424 3797 burgenses,
1436 3734 1496 3797 pro
1508 3733 1543 3776 sa
1556 3722 1590 3775 et
1600 3710 1724 3777 heredi·

522 3734 584 3862 bus
598 3798 677 3879 suis,
692 3798 797 3878 nobis,
809 3812 842 3865 et
857 3797 1095 3864 successoribus
1109 3798 1241 3878 nostris,
1256 3798 1400 3882 quietam
1415 3810 1449 3863 et
1462 3797 1598 3863 liberum
1612 3796 1725 3862 clamo·

521 3896 653 3965 verunt,
667 3906 795 3950 necnon
815 3884 961 3969 exceptis
979 3883 1073 3949 terris
1091 3906 1172 3970 quas
1189 3882 1212 3949 J
1213 3884 1355 3952 ohannes
1370 3884 1412 3950 de
1425 3883 1612 3971 Cardygan,
1629 3894 1664 3949 et
1677 3883 1725 3948 sui

522 3982 671 4037 tenentes
690 3969 726 4036 in
746 3970 825 4035 villa
842 3970 1006 4037 antedicta
1028 3982 1206 4037 tenuerunt
1225 3970 1476 4056 inperpetuum
1497 3969 1676 4036 tenendum
1693 3981 1724 4034 et

519 4055 753 4135 habendum,a
774 4056 868 4122 nobis
889 4069 922 4122 et
944 4056 1182 4123 successoribus
1205 4057 1335 4137 nostris,
1350 4056 1429 4143 ipsis
1452 4056 1670 4144 burgensibus
1692 4067 1723 4121 et
1841 4077 1842 4108 i

521 4166 635 4212 eorum
647 4142 836 4225 heredibus,
848 4143 988 4229 integre,
999 4142 1143 4229 pacifice,
1155 4142 1342 4223 honorifice,
1354 4156 1389 4210 et
1403 4142 1526 4233 quiete,
1537 4165 1612 4208 cum
1623 4141 1722 4209 omni·

520 4230 582 4298 bus
597 4231 799 4311 libertatibus
815 4242 849 4299 et
865 4228 975 4297 liberis
993 4230 1295 4311 consuetudinibus,
1309 4252 1390 4317 quus
1403 4253 1463 4314 nos
1478 4241 1512 4298 ct
1527 4250 1721 4298 successores

990 2465 1025 2531 A
1066 2489 1101 2530 m
1115 2464 1244 2551 Hardy.
1859 2461 1861 2466 ’

522 2673 710 2763 Kylbryne,
740 2673 911 2763 Killoyne,
938 2684 972 2739 et
998 2671 1194 2760 Kyllinery3
1216 2695 1298 2773 ‘quse
1328 2672 1503 2761 Kylbryne
1529 2686 1661 2740 tenetur
1687 2672 1727 2737 de

1779 4075 1781 4078 ¹
1845 3963 1849 4040 t
