3825 5059
791 474 833 543 31

253 659 435 725 Nicholaus
454 658 558 724 Olaua
577 668 666 725 tenet
681 660 703 725 i.
720 659 894 746 cotagium,
909 658 981 725 vid.
998 682 1056 744 per
1079 682 1212 740 annum,
1228 670 1261 725 et
1275 660 1372 727 saciet
1387 661 1422 727 iu

206 748 360 813 omuibus
377 747 462 812 sicut
477 746 565 811 dicta
580 745 720 811 Marion.

260 922 410 985 Tonantes
433 919 626 1004 cotoqiorum
645 920 853 1005 quorundam.
899 917 1069 985 Doualdus
1086 919 1216 1004 Oregan
1232 930 1322 985 tenet
1336 933 1423 986 cota·

209 1005 313 1093 gium,
328 1029 388 1091 per
403 1006 573 1071 servitium
587 1007 682 1071 xvid.
698 1030 756 1090 per
772 1030 904 1084 anuum,
918 1020 951 1070 et
966 1006 1062 1070 saciet
1077 1005 1161 1070 sicut
1179 1007 1319 1072 Marion.

255 1093 421 1157 Johauncs
444 1092 601 1178 Loveday
617 1104 705 1157 tenet
724 1091 746 1157 i.
763 1094 938 1177 cotagium,
954 1105 987 1156 et
1005 1092 1147 1177 portabit
1161 1093 1270 1156 literas
1287 1094 1422 1159 domiui.

255 1179 456 1244 Willielmus
473 1178 538 1242 Vel
552 1190 643 1243 tenet
655 1179 676 1245 i.
695 1179 870 1265 cotagium,
885 1194 918 1243 et
933 1179 1076 1263 portabit
1091 1178 1201 1243 literas
1217 1179 1350 1244 domini.

255 1266 423 1330 Johannes
450 1265 580 1329 Odonat
609 1277 699 1329 tenet
724 1266 745 1329 i.
772 1264 946 1350 cotagium,
974 1288 1034 1351 per
1058 1265 1228 1330 servitium
1252 1265 1337 1331 xiid.
1362 1288 1422 1350 per

210 1376 343 1430 aunum,
360 1365 393 1417 et
407 1350 505 1416 faciet
519 1351 604 1415 sicut
618 1352 706 1416 dicta
722 1351 864 1416 Marion.

256 1438 437 1503 Nicholaus
464 1437 675 1523 Omolkynny
701 1451 789 1502 tenet
812 1439 834 1503 i.
860 1439 1035 1524 cotagium,
1055 1461 1115 1522 per
1142 1435 1311 1502 servitium
1335 1438 1421 1503 xiid.

210 1548 271 1610 ρει·
287 1547 420 1601 aunum,
434 1535 467 1588 et
481 1524 577 1589 faciet
592 1525 677 1589 sicut
692 1524 834 1589 Marion.

256 1611 367 1676 David
383 1610 499 1675 Molon
513 1632 572 1696 per
588 1632 708 1674 aunum
725 1610 789 1676 vis.
805 1611 915 1689 viiia,
930 1634 1058 1691 vacans,

257 1786 310 1848 Do
328 1782 422 1849 terris
441 1782 607 1848 dominicis
624 1782 682 1847 hoc
704 1806 797 1849 onas.
842 1784 968 1868 Owayn
986 1783 1104 1848 Walsh
1124 1795 1215 1849 tenet
1234 1806 1265 1850 v.
1282 1806 1371 1850 acras
1390 1797 1424 1851 ct

212 1870 391 1948 dimidiam,
406 1892 465 1953 per
481 1868 650 1933 servitium
664 1869 732 1934 iiis.
748 1870 843 1935 viiio.

257 1956 423 2020 Robertus
437 1955 553 2019 Walsh
570 1968 660 2020 tenet
672 1956 729 2020 iiii.
746 1978 834 2021 acras
851 1968 955 2036 terrae,
967 1978 1027 2041 per
1043 1956 1213 2021 servitium
1228 1956 1282 2023 iis.
1295 1958 1354 2024 viii
1360 1959 1391 2022 d.

256 2043 383 2107 Thoma
397 2040 463 2106 Vel
478 2052 568 2107 tanet
579 2042 601 2107 i.
618 2064 723 2107 acram
739 2055 845 2121 terrae,
861 2066 921 2127 per
934 2044 1104 2107 seruitium
1118 2042 1216 2108 viiia.

258 2214 431 2300 Inquisitio
453 2222 549 2299 copto
570 2214 685 2280 oidtt..·
720 2214 885 2280 Johanues
914 2215 1028 2295 Anias,
1057 2215 1230 2283 Donaldus
1258 2215 1423 2303 Oguylau,
1438 2238 1562 2305 nfflwhy.

214 2300 396 2366 Nicholaus
421 2300 614 2387 Ryohegod,
639 2301 804 2367 Johanncs
830 2302 994 2389 Oconyld,
1015 2315 1048 2368 et
1076 2302 1186 2367 David
1215 2302 1342 2381 Oched,
1389 2304 1425 2370 ui

210 2388 316 2474 jurati
340 2388 453 2452 dicunt
477 2388 568 2472 quod
591 2388 741 2453 dominus
764 2389 948 2474 Episcopus
974 2389 1078 2455 Clone
1100 2388 1200 2454 habet
1222 2389 1257 2454 iu
1281 2326 1425 2477 Brewiry

215 2474 250 2538 ii.
275 2486 438 2539 carucatas
462 2485 568 2548 terras,
591 2474 679 2539 unde
703 2475 802 2540 habet
827 2475 992 2541 Johauues
1018 2476 1086 2563 Pye
1110 2476 1132 2540 i.
1153 2487 1345 2556 carucatam,
1363 2499 1424 2561 per

215 2560 396 2639 servitium,
408 2572 481 2640 eta,
495 2572 529 2625 et
543 2560 694 2625 Vicarius
710 2562 833 2627 domini
849 2563 1003 2647 Episcopi
1020 2562 1117 2627 habet
1132 2562 1227 2628 aliam
1242 2574 1425 2627 carucatam

214 2659 321 2724 terrae,
336 2658 369 2711 et
392 2658 505 2712 teuent
526 2670 585 2732 per
605 2647 693 2711 idom
708 2649 877 2713 servitium
892 2649 977 2714 sicut
997 2649 1119 2735 betsgii
1141 2649 1182 2712 de
1198 2648 1284 2713 Coul
1299 2660 1425 2723 tenent,

216 2745 248 2797 ct
272 2734 360 2818 quod
385 2734 497 2799 Simon
519 2733 714 2819 Appelgard
735 2746 769 2799 et
790 2734 949 2799 Ricardus
969 2736 1096 2819 Rugest
1114 2732 1251 2818 [teuent]
1270 2734 1425 2797 abundis

218 2818 304 2885 villae
328 2820 370 2883 de
394 2818 546 2904 Brcwhy.

260 2904 281 2970 J
285 2906 371 2968 usati
397 2905 509 2967 dicunt
537 2904 627 2988 quod
654 2903 819 2968 Johannes
845 2904 957 2988 Anyas
983 2916 1073 2969 tenet
1098 2904 1120 2967 i.
1146 2903 1378 2989 masnagium,
1403 2903 1425 2971 i.

215 3000 399 3057 carucatam
412 3000 518 3068 terrae,
532 3011 591 3073 per
606 2987 805 3073 homagium,
827 2988 1028 3066 fidelitatem,
1042 3003 1075 3053 et
1090 3011 1291 3054 communem
1307 3003 1427 3057 sectam

216 3076 316 3143 curiae
338 3073 473 3154 domini,
494 3089 527 3140 et
547 3074 715 3139 reddendo
736 3075 867 3139 domino
888 3098 947 3160 per
969 3098 1102 3153 anuum,
1123 3075 1214 3141 xiiis.
1237 3075 1336 3155 iiiia,
1356 3078 1426 3144 ilio.

221 3186 314 3228 cerae.

261 3250 347 3314 Item
371 3247 487 3313 dicunt
510 3248 600 3334 quod
624 3247 795 3312 Doualdus
820 3248 975 3335 Oguylau
1000 3261 1088 3315 tenet
1112 3250 1146 3313 in
1169 3249 1299 3337 betagio
1323 3274 1426 3317 uuum

219 3335 448 3421 messuagium,
463 3337 531 3399 xvi.
548 3357 636 3399 acras
658 3346 763 3411 terra,
782 3358 841 3419 par
862 3336 1031 3401 servitium
1051 3359 1105 3401 xs.
1121 3334 1216 3402 viiio.
1230 3361 1289 3421 per
1305 3361 1427 3404 annum

220 3434 254 3486 et
267 3421 364 3487 faciet
379 3420 413 3486 in
429 3422 578 3487 omuibus
594 3422 678 3486 sicut
699 3419 870 3487 Hubertus
887 3422 1051 3498 Cauntom
1064 3437 1098 3489 ct
1116 3424 1252 3490 intrabit
1266 3428 1310 3491 vi.
1327 3447 1426 3491 acras.

264 3508 443 3573 Nicholaus
460 3509 587 3595 Rugest
608 3518 697 3572 tenet
710 3508 732 3571 i.
748 3510 977 3593 messuagium,
992 3510 1048 3574 xii.
1065 3534 1165 3590 acras,
1181 3534 1240 3595 per
1259 3512 1428 3576 servitium

221 3594 308 3659 viiis.
324 3616 383 3679 per
399 3617 531 3670 annum,
546 3606 580 3659 ct
591 3592 688 3659 faciet
703 3594 787 3659 sicut
802 3595 988 3673 Hubertus,
1002 3597 1138 3662 intrabit
1151 3597 1210 3660 iiii.
1227 3619 1325 3661 acras.

265 3680 285 3744 J
289 3680 431 3745 ohannes
454 3680 604 3766 Oconyld
629 3681 752 3745 teneti.
770 3684 999 3768 messuagium,
1014 3704 1046 3744 v.
1063 3705 1162 3756 acras,
1183 3703 1243 3764 ρει·
1259 3681 1428 3746 servitium

221 3766 257 3831 xl
264 3768 294 3829 d.
309 3789 516 3852 perannum,
532 3780 564 3831 et
578 3766 675 3831 faciet
689 3766 774 3831 sicut
790 3767 974 3845 Hubertus,
989 3766 1125 3831 intrabit
1138 3766 1184 3830 iii.
1200 3787 1298 3829 acras.

265 3852 375 3917 David
390 3853 503 3918 Oched
517 3854 642 3918 teneti.
658 3854 887 3937 messuagium,
902 3876 960 3918 uu.
975 3874 1075 3932 acras,
1097 3874 1155 3936 per
1176 3852 1344 3918 servitium
1359 3853 1428 3934 iia,

222 3951 255 4004 et
269 3937 366 4004 faciet
380 3939 462 4004 sicut
478 3940 664 4018 Hubertus,
678 3940 811 4003 intrabit
832 3939 878 4004 iii.
895 3960 994 4005 acras.

222 4124 255 4176 et
268 4111 366 4176 faciet
381 4112 465 4177 sicut
481 4112 667 4189 Hubertus,
681 4110 817 4175 intrabit
832 4110 878 4175 iii.
896 4134 995 4175 acras.

265 4197 377 4262 David
400 4198 522 4284 Obasyl
546 4209 637 4263 tanet
650 4198 672 4261 i.
688 4196 860 4279 cotagium,
875 4198 896 4263 i.
913 4218 1019 4262 acram
1035 4209 1069 4263 et
1090 4197 1267 4278 dimidiam,
1282 4222 1343 4284 per
1362 4222 1427 4264 ser·

222 4284 341 4350 vitium
353 4284 399 4349 xii
405 4286 449 4363 d„
458 4296 492 4349 et
504 4284 600 4349 saciet
611 4283 691 4348 sicut
706 4282 890 4362 Hubertus,
900 4282 1036 4349 intrabit
1049 4283 1071 4348 i.
1087 4308 1192 4350 acram
1206 4297 1239 4351 et
1251 4283 1427 4353 dimidiam.

267 4370 438 4459 Comcdyn
460 4371 601 4457 Odogyu
621 4381 710 4435 tenet
731 4369 752 4434 i.
769 4370 942 4457 octagium,
962 4370 1009 4436 iii.
1024 4371 1119 4437 rodas
1134 4383 1240 4451 terra,
1254 4393 1314 4456 per
1328 4372 1428 4441 servi·

224 4457 306 4523 tium
322 4457 354 4522 vi
361 4459 405 4538 ct,
420 4470 454 4524 et
467 4458 564 4524 faciet
579 4457 664 4524 sicut
680 4455 867 4537 Hubertus,
881 4457 1015 4525 intrabit
1030 4459 1052 4524 i.
1065 4480 1181 4524 acram.
