3825 5059
1088 384 1134 457 14

506 574 616 652 curie,
639 572 768 653 relevii,
789 572 945 659 homagii,
968 583 1003 638 et
1025 568 1203 651 fidelitatis,
1227 582 1261 636 et
1283 570 1319 636 in
1342 572 1494 642 omuibus
1512 573 1615 642 saciet
1636 572 1733 640 sicut

507 660 688 814 ῧρυτῇοῇρτ
698 661 825 747 Chapcl
837 661 941 727 iacere
955 659 1101 738 deberet,
1110 670 1144 723 et
1156 669 1303 723 tenentes
1315 659 1367 724 sui
1378 659 1464 728 sicut
1475 674 1626 728 tcueutca
1639 662 1729 727 dicti

549 770 675 813 aurrcu.

550 833 711 898 Dominus
732 832 754 898 J
755 831 897 897 ohannes
919 831 961 896 cle
978 829 1152 915 Rupcsorti
1170 830 1325 916 cognorit
1346 854 1381 897 sc
1399 843 1512 898 tenere
1529 833 1571 898 de
1584 832 1726 899 domiuo

507 919 667 1006 Kylblau‚
683 932 716 985 et
730 931 869 984 castrum
884 917 1006 983 ibidem
1022 940 1095 982 curn
1111 928 1178 981 toto
1194 916 1337 982 dominio
1351 931 1450 1003 prout
1459 919 1548 1006 jacet
1562 920 1598 985 iu
1612 919 1724 1005 longi·

507 1007 622 1073 tudine
644 1020 679 1072 et
702 1005 886 1084 latitudine,
909 1026 983 1069 cum
1009 1002 1111 1082 silvis,
1134 1002 1249 1081 boscis,
1275 1002 1427 1085 bruariis,
1452 1006 1586 1091 stagnis,
1612 1007 1725 1091 aquis,

506 1092 713 1170 molendinis,
737 1092 837 1177 pratis
861 1103 894 1157 et
918 1112 993 1155 curn
1016 1089 1087 1154 aliis
1110 1088 1326 1168 libertatibus,
1347 1104 1381 1156 et
1403 1113 1478 1157 curu
1504 1092 1723 1157 advocatione

507 1180 649 1250 ccclesiae
665 1180 706 1246 dc
722 1176 882 1264 Kylblan,
898 1199 957 1261 per
972 1175 1141 1241 servitium
1155 1176 1282 1256 xxvia,
1295 1198 1354 1260 per
1369 1200 1488 1242 annum
1504 1178 1546 1243 ad
1561 1178 1722 1244 terminos

506 1266 647 1342 usuales,
669 1287 728 1349 per
748 1262 946 1364 homagium,
964 1261 1165 1340 fidelitatem,
1181 1262 1333 1338 wardam,
1354 1274 1389 1329 et
1407 1276 1527 1329 sectam
1548 1264 1661 1338 curias.
1686 1278 1722 1330 et

506 1352 541 1418 iu
557 1352 706 1417 omuibus
722 1350 818 1415 faciet
833 1361 917 1414 sicut
932 1347 1113 1413 Mauricius
1128 1348 1265 1431 Chapel.
1281 1360 1314 1413 et
1332 1361 1479 1415 tenentes
1497 1351 1548 1416 sui
1563 1351 1598 1415 in
1614 1350 1722 1415 omni·

507 1436 568 1505 hus
584 1452 617 1503 et
632 1459 690 1521 per
707 1436 813 1501 omnia
828 1436 868 1500 ad
884 1447 1024 1500 castrum
1041 1435 1082 1499 de
1099 1434 1353 1520 Kylmaclcuyn,
1368 1448 1402 1501 et
1416 1436 1458 1500 ad
1472 1435 1606 1501 curiam.

552 1523 735 1587 Nicbolaus
758 1522 863 1606 Barry
886 1521 1040 1607 cognovit
1061 1543 1096 1585 se
1117 1533 1229 1585 tenere
1252 1521 1293 1585 de
1314 1522 1447 1586 domino
1473 1522 1652 1587 manerium
1675 1522 1721 1587 de

508 1608 715 1695 Kylbrogan,
731 1629 804 1672 curu
826 1608 976 1673 omnibus
996 1608 1062 1672 suis
1082 1607 1309 1692 pertiuentiis;
1336 1630 1411 1672 cum
1428 1608 1544 1685 boscis,
1556 1609 1672 1694 pratia,
1684 1622 1721 1673 et

508 1718 583 1761 cum
605 1694 709 1761 tribus
729 1694 884 1759 carucatis
905 1704 1011 1772 terrae,
1026 1693 1060 1757 iu
1082 1692 1236 1776 parochia
1249 1692 1291 1757 de
1308 1692 1494 1780 Brochoyu,
1508 1717 1569 1778 per
1584 1694 1721 1761 servitia

508 1781 662 1867 homagii,
684 1780 858 1859 fidelitatis,
875 1780 1005 1856 wardae,
1023 1778 1147 1857 relevii,
1166 1792 1200 1844 ct
1221 1791 1316 1845 sectae
1333 1780 1443 1858 curia,
1458 1781 1499 1845 ad
1520 1792 1660 1847 castrum
1674 1781 1721 1845 de

508 1867 753 1952 Kilmaclenyu,
770 1878 803 1933 et
824 1889 883 1951 per
901 1866 1069 1931 servitium
1086 1865 1188 1942 xvia,
1205 1878 1239 1930 ct
1255 1868 1341 1930 und.
1361 1889 1421 1950 per
1441 1890 1574 1944 aunum,
1592 1867 1635 1931 ad
1652 1878 1719 1933 ter-

507 1955 611 2021 minos
628 1955 769 2031 usuales,
784 1966 817 2019 et
832 1953 866 2017 in
882 1952 1032 2018 omnibus
1048 1951 1144 2016 saciet
1158 1952 1244 2017 sicut
1259 1952 1441 2017 Mauricius
1456 1953 1592 2037 Chapel.

553 2040 728 2125 Philippus
751 2040 839 2105 filius
867 2038 1005 2104 Roberti
1035 2038 1137 2122 Barry
1161 2048 1251 2103 tcuct
1274 2038 1316 2101 dc
1339 2038 1470 2103 domino
1493 2038 1529 2103 iu
1554 2039 1672 2124 Lakyu
1694 2038 1718 2105 i.

508 2127 688 2193 manerium
711 2126 798 2192 etii.
822 2138 986 2191 carucatas
1008 2136 1114 2202 terrae,
1136 2146 1196 2208 per
1218 2124 1350 2189 servitia
1370 2124 1445 2190 hom
1490 2125 1524 2202 ·i,
1539 2124 1718 2204 fidelitatis,

509 2212 637 2290 warda,
656 2224 790 2291 escoetae,
805 2226 838 2277 ct
852 2224 947 2277 secta
963 2210 1142 2278 communis
1161 2210 1202 2275 ad
1218 2210 1340 2276 curiam
1356 2210 1397 2276 de
1416 2211 1475 2297 Ky
1490 2212 1672 2297 maclcuyu,
1683 2225 1718 2276 et

533 2320 569 2363 er
582 2298 750 2364 servitium
764 2321 832 2375 xa,
847 2321 906 2383 per
921 2321 1054 2377 aunum,
1068 2308 1167 2381 prout
1181 2295 1327 2381 predicta
1341 2310 1428 2363 terra
1436 2296 1525 2383 jacet
1533 2323 1544 2375 ;
1570 2311 1605 2364 et
1618 2320 1718 2381 super

508 2322 572 2449 lico
595 2383 672 2448 secit
694 2383 824 2449 domiuo
846 2384 1034 2469 homagium
1061 2396 1095 2449 ct
1114 2382 1303 2449 fidelitatem
1325 2383 1379 2447 die
1395 2384 1483 2469 jovis
1504 2397 1578 2468 post
1598 2383 1716 2448 festum

510 2470 620 2537 Sancti
643 2469 825 2547 Michaelis,
839 2492 947 2535 coram
970 2469 1101 2535 domino
1124 2468 1234 2535 David
1256 2470 1297 2535 de
1314 2470 1411 2555 Rupe
1428 2469 1463 2536 iu
1485 2470 1650 2536 communi
1663 2469 1716 2535 ria

510 2558 560 2627 Re
587 2557 594 2572 '
627 2579 739 2625 versus
758 2555 878 2643 Moyal.

553 2581 721 2711 frilrannes
741 2641 829 2709 filius
850 2640 960 2709 David
978 2640 1085 2727 Barry
1102 2640 1256 2728 coguovit
1278 2664 1312 2707 se
1334 2655 1446 2707 tenere
1468 2643 1510 2708 de
1530 2641 1660 2707 domiuo
1679 2640 1714 2706 iu

510 2730 627 2819 Lalryu
648 2731 669 2798 i.
688 2730 879 2809 manerium,
894 2729 927 2795 ii.
944 2741 1108 2795 carucatas
1129 2741 1235 2807 terrae,
1255 2742 1354 2813 prout
1369 2729 1482 2816 jacent
1504 2751 1565 2812 per
1585 2728 1715 2795 ser-vitia

509 2818 663 2906 homagii,
677 2817 853 2893 fidelitatis,
868 2829 901 2883 et
922 2829 1016 2883 sectae
1031 2814 1208 2880 communis
1224 2816 1333 2892 curiae,
1351 2816 1393 2880 ad
1413 2828 1552 2881 castrum
1574 2816 1615 2879 dc
1631 2813 1714 2901 Kyl-

508 2907 692 2992 macleuyu,
704 2928 764 2990 per
782 2904 950 2971 servitium
968 2926 1024 2970 xa.
1037 2901 1214 2980 aunuatim,
1229 2914 1262 2967 et
1280 2900 1357 2966 iecit
1374 2901 1505 2966 domiuo
1518 2900 1715 2987 homagium,

510 3002 543 3058 et
557 2990 665 3070 faciet,
680 3004 713 3057 et
728 2991 880 3076 cognovit
893 2990 998 3055 lacere
1013 2990 1049 3054 iu
1064 2987 1213 3053 omuibus
1226 2988 1311 3053 sicut
1325 2986 1499 3072 Philippus
1514 2988 1628 3073 Barry.

553 3074 715 3140 Dominus
733 3076 754 3139 J
757 3076 899 3141 ohannes
922 3074 1191 3161 Omolykannysh
1213 3074 1366 3160 cognovit
1383 3073 1531 3139 similiter
1549 3086 1660 3140 tenere
1673 3072 1715 3138 de

510 3160 640 3227 domino
653 3159 686 3225 in
700 3160 814 3244 Lakyu
826 3161 847 3226 i.
860 3162 1051 3239 manerium,
1064 3183 1137 3227 curu
1152 3160 1186 3225 ii.
1200 3159 1356 3226 carucatis
1368 3174 1474 3239 temae,
1485 3172 1585 3245 prout
1595 3160 1715 3247 jacent,

508 3269 568 3331 per
581 3245 711 3311 servitia
725 3245 879 3331 homagii,
890 3244 1065 3324 fidelitatis,
1077 3257 1110 3310 et
1121 3258 1214 3312 sectae
1228 3246 1418 3325 communis,
1431 3257 1464 3311 et
1476 3270 1535 3331 pcr
1547 3247 1715 3311 servitium

508 3355 578 3411 xa,
589 3354 649 3417 per
663 3353 796 3409 anuum,
807 3343 840 3396 et
855 3331 931 3395 fecit
943 3330 1074 3396 domiuo
1087 3332 1283 3419 homagium,
1295 3346 1329 3399 et
1340 3332 1542 3412 fidelitatem,
1552 3345 1586 3397 et
1597 3354 1715 3419 coguo-

509 3418 558 3485 vit
569 3418 675 3485 facere
690 3418 725 3483 iu
738 3416 887 3483 omnibus
902 3416 987 3483 sicut
1002 3418 1107 3482 dictus
1123 3418 1307 3504 Philippus.

551 3504 702 3573 Heredes
720 3504 913 3591 Gylmalhoc
927 3504 968 3569 de
987 3504 1169 3589 Hospalau,
1179 3508 1260 3571 vidt.
1274 3505 1447 3591 Philippus
1462 3505 1550 3570 filius
1563 3503 1714 3580 Matthei,

509 3592 649 3661 Thomas
673 3592 808 3680 Magnel
829 3591 916 3659 filius
939 3590 1087 3672 Roberti,
1102 3604 1325 3678 cognorerunt
1348 3605 1460 3657 tenere
1475 3592 1517 3657 de
1535 3591 1666 3656 domiuo
1680 3592 1715 3656 iu

509 3680 670 3760 Soboltre,
688 3704 786 3747 unam
809 3690 988 3745 carucatam
1010 3691 1115 3758 terra,
1130 3701 1191 3763 per
1213 3678 1346 3745 servitia
1366 3678 1520 3764 homagii,
1541 3676 1715 3753 fidelitatis,

509 3777 543 3833 ct
563 3767 741 3833 communis
759 3779 866 3844 scctae,
884 3766 925 3832 ad
943 3765 1066 3832 curiam
1084 3766 1126 3830 de
1146 3764 1400 3851 Kylmaclenyu,
1418 3776 1451 3831 ct
1468 3788 1527 3850 per
1547 3764 1715 3830 servitium

507 3874 563 3918 xa.
578 3851 676 3929 iiiia,
691 3874 895 3935 perannum,
911 3864 944 3919 et
957 3852 1034 3917 iacit
1045 3851 1177 3917 domiuo
1194 3852 1389 3938 homagium.

553 3936 715 4003 Robertus
730 3936 817 4005 filius
832 3938 1004 4007 Williclmi
1020 3938 1125 4023 Barry
1137 3938 1291 4023 cognovit
1305 3961 1340 4003 se
1354 3937 1520 4003 tancrede
1535 3935 1667 4001 domiuo
1680 3936 1713 4001 iu

509 4023 658 4090 Soboltrc
680 4022 748 4088 viii.
772 4037 934 4089 carucatas
956 4036 1063 4104 terra,
1081 4023 1149 4089 sive
1170 4025 1257 4110 plus,
1276 4024 1345 4089 sive
1366 4024 1486 4099 minus,
1502 4046 1562 4108 per
1584 4021 1717 4088 servitia

508 4110 662 4198 homagii,
676 4108 851 4188 fidelitatis,
865 4123 958 4177 aeota
979 4110 1158 4179 communis
1179 4112 1221 4177 ad
1241 4123 1381 4177 castrmu
1399 4111 1441 4175 da
1462 4108 1713 4196 Kylmaclenyu,

508 4218 569 4283 per
592 4196 762 4265 servitium
783 4196 827 4261 vi.
848 4218 1029 4265 marcarum
1048 4220 1108 4283 pcr
1131 4220 1251 4265 mnam
1261 4223 1272 4277 ς
1298 4210 1332 4264 et
1353 4196 1434 4263 facit
1453 4195 1584 4264 domiuo
1604 4194 1714 4260 homa·

509 4282 599 4368 mum
629 4296 662 4353 ot
690 4282 891 4361 fidelitatem,
918 4296 951 4349 et
978 4284 1172 4369 dicitquod
1199 4306 1310 4351 omues
1333 4294 1482 4352 tenentos
1506 4282 1543 4349 iu
1566 4280 1716 4349 Soboltra
