3825 5059
752 466 797 541 17

122 650 270 733 nostri,
288 650 375 738 ipsis
394 651 612 740 burgensibus
628 652 706 719 dare
726 672 909 737 possumus,
926 672 965 716 ac
978 650 1188 721 warrantizare
1208 652 1376 737 debemus,

122 736 336 805 reddendo
353 739 448 805 nobis
463 751 497 806 et
514 739 753 805 successoribus
770 737 890 804 nostris
908 738 1086 819 annuatim,
1101 738 1181 807 dicti
1194 738 1376 842 burgenses

124 836 169 891 et
192 823 360 892 heredes
380 826 525 911 ipsorum
545 849 580 892 x.
598 847 721 891 marcas
742 824 984 910 sterlingorum,
1004 825 1047 891 ad
1066 825 1149 892 duos
1167 848 1246 893 anm
1265 828 1377 895 termi-

123 933 201 977 nos
220 910 426 992 solvendas,
439 912 533 991 ridt,
547 935 580 979 v.
595 934 716 979 marcas
731 912 774 977 ad
787 910 906 977 festum
921 910 1055 977 Pasobe
1069 924 1103 979 et
1117 911 1194 978 alius
1208 936 1241 981 v.
1253 936 1377 981 marcas

127 997 182 1064 ad
204 998 347 1066 festum
361 998 448 1065 beati
463 998 647 1079 Michaelis,
661 1022 722 1084 pro
738 997 825 1063 omni
844 997 990 1074 servitio,
1005 998 1143 1079 actione,
1157 1011 1191 1065 et
1205 999 1377 1082 demanda,

129 1098 308 1171 excepta
321 1085 471 1171 portione
486 1085 634 1152 redditus
650 1082 866 1151 excrescentis
881 1095 977 1150 terrae
991 1084 1070 1150 dicti
1085 1083 1107 1149 J
1108 1084 1244 1151 ohannis
1257 1097 1292 1154 et
1305 1088 1378 1175 ejus

130 1182 315 1238 tenentes
330 1172 557 1258 contingentis.
595 1171 641 1237 Et
655 1192 716 1257 ego
736 1170 835 1236 frater
850 1169 983 1249 Daniel,
997 1181 1030 1237 et
1047 1192 1248 1237 successores
1261 1174 1378 1255 nostri,

133 1257 253 1324 dictis
273 1258 508 1345 burgensibus,
523 1270 683 1325 eteorum
700 1256 877 1322 heredibus
892 1255 1013 1323 dictam
1029 1269 1161 1335 terram,
1171 1268 1271 1343 prout
1280 1280 1377 1345 supe·

136 1344 225 1411 rius
241 1364 455 1431 expressum,
464 1344 671 1411 warantizare
683 1355 842 1410 tenemur.
874 1341 1386 1429 Etdictiburgenses,eteorum

137 1428 320 1511 heredes,
333 1431 429 1497 nobis
446 1443 480 1497 et
496 1430 734 1497 suecessoribus
752 1429 882 1507 nostris,
897 1429 1078 1495 secundum
1094 1428 1202 1516 legem
1218 1430 1378 1514 Bristolii,

140 1516 185 1583 in
218 1518 392 1595 omnibus,
420 1530 453 1585 et
478 1540 537 1603 per
564 1517 671 1583 omnia
695 1516 951 1601 respondebunt,
978 1528 1011 1583 et
1034 1516 1215 1583 seeundum
1240 1518 1378 1586 eandem

140 1602 181 1669 le
210 1626 276 1670 ern
290 1604 499 1672 tractabimus
514 1607 654 1671 eosdem.
701 1604 747 1669 Et
760 1615 798 1670 ut
812 1602 881 1669 haec
895 1614 1006 1669 nostra
1020 1602 1155 1669 donacio
1169 1615 1203 1669 et
1214 1606 1377 1673 concessio

143 1713 191 1756 ro
220 1713 279 1756 ur·
294 1691 439 1758 obtineat
458 1691 619 1757 firmitatis
642 1712 775 1776 presens
799 1690 957 1774 scriptum
982 1688 1090 1775 sigillo
1109 1701 1218 1756 nostro
1240 1690 1377 1759 fecimus

144 1776 334 1856 roborari3
356 1776 405 1843 his
417 1778 565 1857 testibus,
576 1776 753 1843 Laurentio
768 1775 877 1854 Cotte,
889 1774 911 1839 J
911 1776 1039 1840 ohanne
1052 1773 1120 1841 filio
1135 1776 1218 1863 ejus,
1225 1776 1376 1846 Waltero

147 1862 318 1949 Magnel,
332 1864 354 1928 J
356 1863 483 1931 ohanne
499 1863 640 1941 Clerico,
654 1862 676 1928 J
677 1862 804 1928 ohanne
825 1861 892 1925 filio
908 1860 1074 1941 Nicholai,
1088 1861 1111 1927 J
1112 1862 1239 1929 ohanne
1254 1864 1377 1932 Flauu-

150 1950 255 2027 dres,
281 1949 424 2016 Roberto
449 1949 655 2029 Maresoallo,
679 1948 794 2014 Odcne
818 1946 880 2012 On
924 1970 965 2012 an
991 1946 1109 2015 clerico
1130 1949 1252 2015 faetere
1276 1949 1377 2039 hujus

150 2047 278 2117 cartae,
292 2047 327 2102 et
344 2036 424 2101 aliis.
462 2037 586 2103 Datum
606 2057 690 2100 enno
709 2032 844 2101 Domini
863 2034 905 2099 m'
934 2033 1033 2101 esimo
1052 2056 1099 2102 co.
1116 2034 1140 2100 l.
1160 2033 1277 2122 primo,
1294 2038 1375 2105 xvii.

152 2120 313 2187 Kalend.
332 2120 543 2207 Septembris.
1318 2182 1321 2185 ,

204 2206 383 2273 Universis
405 2220 570 2293 presentes
591 2207 700 2274 literas
725 2206 920 2293 inspecturis
941 2206 998 2274 vel
1022 2206 1193 2287 audituris,
1216 2207 1377 2297 Magister

157 2292 351 2374 Gilbertau,
371 2291 526 2361 Decanus
548 2294 664 2373 Cloue,
677 2293 779 2381 major
803 2306 836 2361 et
856 2292 964 2359 senior
984 2317 1058 2380 pars
1077 2294 1213 2379 capituli
1229 2296 1376 2383 ejusdem

153 2380 242 2461 loci,
263 2380 409 2447 salutem.
456 2381 596 2449 Noverit
617 2381 810 2447 universitas
833 2392 952 2457 vestra,
974 2403 1044 2461 noe,
1066 2380 1207 2447 utilitate
1230 2384 1374 2451 ecclesia

156 2465 336 2534 Clonensis
351 2480 566 2554 compensata,
583 2468 805 2549 donacionem,
819 2466 1070 2546 concessionem,
1082 2479 1115 2533 et
1131 2467 1375 2539 collocationem

154 2563 258 2620 terne
285 2554 327 2619 de
351 2553 604 2643 Kylmaclenyn,
627 2554 844 2641 burgensibus
868 2554 909 2619 de
933 2552 1175 2641 Kylmsclenyn
1199 2566 1233 2620 et
1259 2579 1375 2623 eorum

156 2638 352 2720 heredibus,
377 2665 438 2727 per
464 2641 684 2709 venerabilem
709 2654 835 2727 patrem
865 2651 1013 2706 nostrum
1039 2639 1173 2707 fratrem
1202 2640 1375 2707 Danielem

158 2724 365 2813 Episcopum
394 2728 510 2808 Olone,
538 2752 600 2813 pro
628 2752 663 2793 se
692 2740 726 2793 et
753 2726 990 2793 successoribus
1018 2726 1098 2803 anis,
1119 2725 1249 2803 facum,
1271 2738 1375 2794 ratam

157 2810 319 2880 habentes
335 2814 481 2893 eandem,
496 2825 596 2900 prout
610 2826 699 2879 carta
715 2812 875 2892 Danielis,
891 2834 991 2895 super
1009 2810 1073 2875 boc
1093 2810 1239 2877 confecta
1256 2811 1373 2879 melius

160 2910 196 2964 et
208 2898 338 2984 plenius
354 2910 502 2979 testatur,
513 2898 716 2964 confirmasse
729 2921 790 2997 pro
802 2897 895 2962 nobis
908 2909 942 2962 et
956 2895 1196 2960 successoribus
1208 2896 1325 2962 nostris
1337 2897 1374 2965 in

159 2984 321 3050 futurum.
361 2984 403 3049 In
417 2984 467 3071 cuj
472 3006 509 3049 us
524 2985 573 3049 rei
585 2983 802 3049 testimomum
815 2983 878 3046 hoc
891 3002 1024 3065 presens
1038 2980 1197 3065 scriptum
1208 2985 1374 3053 communi

161 3068 272 3157 sigillo
295 3080 408 3135 nostro
432 3070 567 3135 lecimus
592 3068 746 3135 roborari.
791 3066 915 3133 Datum
938 3089 1024 3132 anno
1045 3065 1180 3133 Domini
1200 3067 1372 3139 millesimo

162 3178 211 3223 ec.
228 3156 249 3221 l.
265 3156 383 3241 primo,
397 3156 477 3222 xvii.
494 3155 638 3223 Kalend.
655 3153 863 3239 Septembris.

208 3242 353 3309 Nomina
369 3255 644 3330 quarentenarum
661 3242 702 3307 de
722 3253 809 3308 terra
826 3240 940 3306 arabili
957 3252 1051 3327 capta
1071 3240 1114 3307 ad
1130 3241 1311 3311 manerium
1329 3246 1371 3313 de

163 3328 408 3417 Kylmaclenyn
435 3330 515 3396 vidt.
542 3352 585 3395 ex
608 3340 702 3415 parte
730 3328 920 3394 occidentali
946 3328 1053 3409 castri,
1080 3350 1148 3394 una
1173 3344 1372 3417 quarentena

163 3429 277 3483 vocata
293 3417 325 3483 le
340 3416 475 3504 Karryg
493 3428 526 3483 et
541 3416 704 3503 Curragb,
719 3427 753 3481 et
770 3414 910 3501 Couyng
925 3437 1000 3481 cum
1019 3437 1110 3481 mora
1132 3438 1208 3502 quae
1228 3419 1374 3487 continet

164 3502 201 3567 in
214 3525 248 3569 se
262 3526 319 3569 un.
330 3504 420 3589 (xx.)
438 3527 525 3570 acras
541 3515 645 3570 terrae.
691 3502 737 3567 Et
751 3501 772 3567 i.
791 3501 852 3567 alia
867 3513 1069 3588 quarentena
1077 3502 1174 3588 juxta
1188 3503 1220 3570 le
1236 3504 1372 3593 Karryg

166 3610 209 3655 ex
224 3602 315 3675 parte
330 3591 518 3677 aquilonali,
534 3590 703 3657 continens
717 3588 763 3654 xi.
776 3611 876 3665 acrae,
891 3599 925 3653 et
937 3587 969 3652 le
984 3587 1213 3675 Oldorchyerd
1222 3588 1257 3656 ii.
1273 3613 1371 3657 acras.

165 3674 212 3741 Et
225 3698 292 3741 una
308 3676 372 3743 alia
388 3690 589 3763 quarentena
606 3688 720 3743 vocata
737 3674 920 3740 Gorterouf
934 3673 1102 3739 continens
1118 3674 1154 3739 in
1172 3698 1206 3739 se
1220 3674 1267 3741 ix.
1282 3700 1372 3742 acras

164 3772 200 3828 et
213 3762 389 3829 dimidiam.
434 3763 479 3829 Et
496 3786 563 3829 una
579 3762 641 3829 alia
655 3774 768 3829 vocata
782 3761 812 3826 le
826 3760 921 3827 Cnok
937 3759 1106 3824 continens
1120 3760 1176 3824 vii.
1189 3782 1287 3828 acras.
1326 3762 1373 3829 Et

164 3870 232 3913 una
246 3847 310 3912 alia
323 3863 524 3934 quarentena
540 3863 653 3918 vocata
667 3846 961 3935 Gylrathdousfeld
976 3845 1014 3910 os
1031 3844 1259 3913 Heblalrerath
1274 3848 1373 3935 juxta

163 3932 207 4001 le.
220 3932 330 3999 Grove
352 3934 467 4001 xxviii.
483 3959 582 4003 acras.
627 3937 673 4003 Et
693 3937 729 4001 in
750 3935 781 4000 le
798 3934 909 3999 Grove
931 3932 987 3997 vii.
1010 3954 1110 3998 acras.
1155 3932 1201 4000 Et
1222 3958 1288 4002 una
1309 3936 1373 4005 alia

164 4029 366 4107 quarentena
386 4034 500 4087 vocata
526 4022 744 4088 Marchalfeld
764 4022 864 4108 juxta
885 4018 1009 4097 villam,
1031 4020 1200 4086 continens
1223 4021 1258 4089 ii.
1283 4046 1372 4091 aeras

165 4118 199 4174 et
219 4104 396 4173 dimidiam.
440 4108 487 4173 Et
508 4108 544 4174 in
565 4108 597 4173 le
616 4107 769 4175 Clonfeld
785 4107 832 4172 iii.
851 4128 949 4173 acras.
994 4104 1041 4172 Et
1058 4106 1080 4171 i.
1097 4106 1159 4173 alia
1173 4120 1374 4194 quarentena

163 4204 278 4259 vocata
300 4192 388 4260 Fern
406 4192 616 4281 Maebaghly,
634 4193 802 4260 continens
821 4192 867 4258 lx.
886 4215 985 4258 acrae.
1029 4192 1075 4258 Et
1094 4216 1160 4259 una
1180 4193 1243 4259 elia
1259 4208 1373 4263 vocata

165 4278 389 4383 Rath-gybbe,
406 4280 574 4347 continens
595 4282 630 4347 in
648 4304 682 4347 se
702 4301 876 4357 renueras,
892 4278 992 4365 juxta
1010 4278 1218 4366 burgagium,
1236 4292 1270 4346 et
1287 4281 1373 4349 infra

164 4364 372 4457 burgagium,
386 4378 487 4455 prout
502 4366 623 4457 jacent.
669 4366 714 4434 Et
727 4365 793 4437 una
813 4388 887 4433 acra
902 4366 1051 4433 abutens
1066 4390 1166 4454 super
1176 4366 1373 4458 Makelway

1161 4493 1180 4539 0
