3825 5059
839 470 887 540 59

244 675 328 719 rum
347 666 381 721 et
399 654 670 741 imponendorum
689 652 754 718 sint
770 652 866 718 liberi
885 662 918 716 ct
936 650 1049 735 quieti.
1094 648 1136 713 In
1151 648 1244 735 cujus
1259 647 1307 713 rei
1321 645 1463 713 testimo·

243 740 352 805 nium
376 741 403 806 si
427 741 517 806 'llum
542 752 688 805 nostrum
706 737 911 823 presentibus
929 748 978 801 est
999 756 1188 820 appensum.
1233 735 1357 800 Datum
1375 734 1464 819 apud

246 824 397 891 Clonme
437 826 572 893 infesto
591 825 700 890 Sancti
719 823 872 908 Gregorii
891 822 989 906 Papoe
1008 843 1092 885 anno
1111 820 1205 906 regni
1220 820 1306 907 regis
1325 820 1464 886 Henrici

246 913 368 995 quarti
383 925 458 997 post
472 922 685 997 conquestum
699 910 829 996 Anglise
845 909 972 995 quinto.

298 1080 469 1149 Henricus
504 1081 569 1147 Dei
601 1082 705 1168 gratia
737 1082 812 1146 Rex
842 1078 973 1165 Anglise
1003 1090 1037 1145 et
1065 1077 1210 1143 Francia
1237 1088 1271 1143 et
1299 1077 1463 1144 Dominus

250 1163 431 1233 Hibernia
461 1168 621 1234 universis
651 1179 684 1233 et
712 1166 858 1253 singulis,
889 1165 1039 1240 ducibus,
1067 1162 1250 1239 comitibus,
1276 1162 1464 1238 baronibus,

248 1251 428 1331 militibus,
455 1253 656 1338 proceribus,
693 1266 726 1318 et
760 1251 869 1337 probis
906 1250 1106 1327 hominibus,
1137 1270 1264 1313 necnon
1292 1248 1463 1314 vicecomi-

249 1336 357 1415 tibus,
376 1339 577 1425 justiciariis,
601 1351 634 1403 et
657 1338 844 1404 custodibus
869 1337 957 1421 pacis
981 1337 1016 1401 in
1040 1333 1193 1401 comitatu
1213 1333 1313 1411 Corlr,
1337 1345 1371 1399 et
1393 1334 1463 1398 aliis

250 1423 427 1501 ministris,
455 1438 488 1490 et
512 1423 663 1489 fidelibus
693 1425 824 1503 nostris,
851 1434 915 1489 tam
942 1421 1028 1487 infra
1053 1421 1219 1486 libertates
1243 1442 1341 1505 quarn
1371 1431 1464 1485 extra

251 1508 397 1575 ubilibet
410 1510 496 1577 infra
510 1510 695 1576 comitatum
710 1511 906 1595 predictum,
927 1507 1121 1585 constitutis,
1139 1505 1181 1571 ad
1198 1528 1280 1592 quos
1296 1517 1463 1590 presentes

249 1590 361 1660 litere
372 1596 594 1679 pervenerint,
606 1596 753 1675 salutem,
762 1595 857 1660 Licet
868 1596 903 1659 in
917 1595 1040 1680 Magna
1048 1592 1169 1659 Charta
1180 1592 1305 1658 dudum
1318 1603 1462 1675 tempore

253 1681 503 1779 progenitorum
523 1695 705 1747 nostrorum
727 1681 891 1767 quondam
915 1702 1031 1766 regum
1053 1677 1194 1764 Anglioe,
1216 1700 1275 1762 pro
1300 1678 1462 1743 communi

257 1765 401 1831 utilitate
416 1767 618 1833 subditorum
634 1780 817 1833 nostrorum
834 1765 989 1840 confecta,
1001 1765 1087 1829 inter
1098 1775 1205 1829 cetera
1216 1774 1372 1829 statutum
1386 1763 1461 1842 fuit,

256 1851 348 1934 quod
371 1852 517 1918 Ecclesia
535 1852 716 1940 Anglicana
733 1866 767 1918 et
789 1851 1013 1918 Hibernicana
1032 1872 1159 1935 semper
1180 1850 1223 1914 sit
1243 1848 1345 1914 libera
1366 1861 1400 1915 et
1420 1850 1461 1914 ab

256 1935 345 2001 omni
377 1939 532 2004 servitute
562 1937 699 2004 seculari
729 1938 852 2025 quieta,
879 1952 913 2003 et
941 1937 1059 2002 habeat
1087 1957 1198 1999 omnes
1225 1934 1401 2010 libertates,
1428 1948 1462 2000 et

254 2018 372 2086 liberas
399 2026 651 2089 consuetudines
680 2047 760 2110 quas
787 2024 897 2109 aliquo
925 2034 1071 2106 tempore
1096 2019 1223 2097 habuit,
1252 2044 1312 2085 seu
1339 2020 1461 2085 habere

258 2105 370 2173 debuit
379 2131 394 2171 :v
410 2110 499 2193 quod
512 2110 645 2196 quidem
660 2123 816 2176 statutum
830 2111 865 2174 in
881 2107 1018 2193 singulis
1034 2105 1264 2191 parliamentis,
1279 2128 1338 2191 per
1354 2128 1411 2171 nos
1427 2120 1461 2171 et

258 2190 358 2257 dictos
375 2196 597 2280 progenitores
617 2208 743 2262 nostros
759 2219 778 2260 a
792 2209 938 2280 tempore
954 2191 1163 2258 confectionis
1178 2192 1336 2277 ejusdem,
1350 2192 1460 2272 tentis,

257 2298 441 2345 concessum
456 2281 564 2346 extitit
575 2292 608 2346 et
619 2280 854 2360 confirmatum,
864 2292 897 2346 et
908 2279 1008 2345 eciam
1021 2279 1056 2343 in
1071 2278 1208 2364 singulis
1218 2277 1459 2363 parochialibus

256 2364 397 2429 ecclesiis
420 2377 580 2431 terrarum
605 2377 788 2432 nostrarum
811 2365 1043 2452 predictarum,
1068 2376 1207 2450 quatuor
1231 2364 1359 2430 vicibus
1382 2366 1459 2430 anni

255 2448 391 2534 singulis
414 2453 518 2532 annis,
546 2454 713 2517 sententie
739 2450 1080 2517 excommunicationis
1104 2448 1319 2515 fulminentur
1346 2462 1459 2515 contra

256 2555 467 2621 quoscunque
504 2549 660 2604 statutum
695 2538 878 2622 predictum
912 2536 947 2601 in
984 2537 1093 2637 aliquo
1128 2536 1265 2603 articulo
1300 2536 1458 2623 ejusdem,

255 2619 524 2709 qualitercunque
540 2623 766 2710 infringentes,
781 2646 840 2689 scu
855 2633 1143 2688 contravenientes.
1188 2622 1333 2693 Quidam
1349 2632 1458 2686 tamen

254 2702 433 2791 iniquitatis
457 2709 518 2774 filii
540 2720 573 2775 et
596 2732 662 2774 suae
683 2708 794 2775 salutis
818 2708 1032 2786 immemores,
1048 2720 1081 2773 et
1100 2718 1257 2773 statutum
1273 2706 1458 2789 predictum

252 2811 369 2873 parum
396 2795 587 2877 pendentes,
616 2795 759 2861 diversas
781 2794 1014 2878 impositiones,
1043 2805 1076 2858 et
1100 2814 1200 2858 onera
1221 2791 1335 2856 illicita
1358 2812 1457 2875 super

252 2886 354 2941 terres
383 2891 417 2943 et
445 2880 662 2964 possessiones
691 2879 922 2946 ecclesiasticas
950 2877 1147 2943 venerabilis
1185 2876 1286 2961 patris
1320 2874 1456 2941 Geraldi

252 2959 412 3047 Episcopi
426 2965 542 3046 Olore,
557 2988 593 3030 ac
609 2966 735 3033 Decani
750 2978 782 3031 et
798 2964 943 3050 Capituli
962 2963 1104 3028 ecclesiae
1121 2984 1181 3027 sen
1195 2960 1398 3027 cathedralis
1414 2963 1456 3029 de

252 3046 369 3128 Clone,
391 3072 518 3117 necnon
542 3065 724 3117 ceterorum
749 3053 789 3116 de
816 3052 902 3116 clero
930 3070 996 3113 suas
1023 3047 1172 3127 diocesis,
1196 3046 1319 3132 absque
1343 3070 1456 3114 eorum

253 3152 396 3213 assensu,
421 3158 591 3217 consensu,
614 3150 648 3203 et
673 3137 853 3215 voluntate,
878 3131 1043 3215 videlicet,
1067 3145 1132 3199 tam
1158 3135 1194 3199 in
1219 3135 1455 3201 sustentacione

252 3218 401 3317 equitum
416 3232 448 3287 et
469 3223 616 3306 peditum
635 3224 721 3288 infra
742 3224 863 3288 dictum
885 3222 1082 3299 comitatum,
1100 3243 1197 3307 quam
1212 3222 1247 3286 in
1263 3220 1407 3307 coignes,
1422 3236 1455 3287 et

252 3302 322 3368 alris
348 3307 648 3374 contribucionibus
677 3309 842 3389 indebitis,
869 3307 1025 3373 faciendis
1054 3319 1088 3373 et
1116 3308 1331 3374 sustentandis
1357 3308 1455 3394 juxta

251 3408 364 3454 eorum
383 3390 524 3470 libitum,
543 3394 648 3459 indies
663 3394 847 3479 imponunt,
865 3417 902 3459 ac
920 3394 1019 3481 ipsos,
1039 3394 1252 3481 Episcopum,
1273 3393 1455 3474 Decanum,

251 3483 285 3538 et
306 3474 509 3560 Capitulum,
530 3502 566 3545 ac
589 3480 734 3557 Clarum,
759 3493 858 3568 atque
881 3504 994 3547 eorum
1019 3493 1178 3560 tenentes,
1206 3492 1319 3547 contra
1341 3503 1454 3546 eorum

249 3558 460 3643 voluntatem,
473 3563 660 3651 hujusmodi
672 3566 894 3652 impositiones
906 3567 1034 3634 illicitas
1047 3578 1250 3652 supportare,
1263 3578 1296 3629 et
1307 3566 1453 3649 recipere

249 3646 459 3729 compellunt,
475 3650 579 3715 minus
593 3651 681 3737 juste
705 3653 739 3717 in
763 3653 866 3719 nostri
884 3663 1107 3735 contemptum
1124 3672 1161 3715 ac
1182 3649 1295 3714 statuti
1312 3649 1453 3731 predicti

248 3736 500 3815 enervationem,
527 3758 652 3802 necnon
681 3737 841 3804 dictorum
872 3737 1041 3823 Episcopi,
1069 3733 1206 3813 Decani,
1235 3733 1392 3819 Capituli,
1419 3751 1453 3801 et

249 3812 340 3917 Cleri
351 3840 452 3917 grave
468 3821 644 3906 dampnum
656 3834 689 3889 et
702 3823 983 3899 adnihilacionem,
992 3820 1194 3906 aliorumque
1209 3820 1452 3887 malefactorum

246 3921 467 4047 perniciosum
484 3907 682 3993 exemplum,
702 3921 734 3974 et
751 3909 908 3975 libertatis
933 3906 1154 3973 ecclesiasticas
1175 3905 1330 3971 lesionem
1350 3910 1450 3973 mani·

260 3996 372 4067 estam,
396 3993 589 4058 sententiam
610 3994 738 4081 majoris
762 3992 1101 4060 excommunicationis
1125 3992 1374 4078 dampnabiliter
1400 3994 1450 4058 in-

246 4074 420 4170 currendo,
435 4077 517 4143 sicut
532 4102 576 4143 ex
590 4101 702 4145 eorum
717 4080 933 4146 insinuatione
947 4077 1076 4163 plenius
1090 4078 1313 4158 informamur,
1326 4080 1367 4143 de
1383 4101 1449 4162 quo

245 4175 411 4257 mlramur,
425 4184 539 4229 verum
562 4165 658 4231 etiam
674 4164 960 4251 quamplurimum,
975 4178 1008 4230 et
1024 4187 1203 4245 movemur,
1218 4165 1356 4229 maxime
1375 4186 1449 4227 curn

244 4262 304 4307 nos
318 4244 484 4314 libertates
499 4250 660 4335 predictas
674 4250 903 4318 inviolabiliter
916 4251 1088 4316 observare
1102 4251 1137 4316 in
1153 4248 1364 4316 coronacione
1376 4271 1448 4314 nos-

244 4336 293 4393 tra
307 4330 440 4399 vinculo
459 4335 637 4419 juramenti
660 4336 880 4423 astringimur.
924 4336 977 4402 Ac
997 4337 1141 4403 volentes
1156 4333 1294 4421 proinde
1315 4346 1448 4400 conatus
