3825 5059
821 451 868 523 27

237 636 417 701 communis
440 648 546 717 sectae,
565 636 605 702 ad
627 636 749 702 curiam
772 638 813 701 dc
829 634 1066 723 Donnaghmor
1082 635 1123 702 de
1138 636 1183 704 iii.
1199 635 1399 722 septimanis,
1413 637 1448 702 in

238 724 284 789 iii.
302 725 505 807 septimanas,
521 738 554 789 ει
569 747 627 809 ρει·
643 724 810 789 servitium
825 724 857 789 ii.
874 746 1054 790 marcarum
1068 746 1128 809 per
1143 747 1276 802 aunum,
1287 725 1394 803 vidit,
1406 724 1448 789 ad

239 810 322 875 festa
338 810 508 877 Michaelis
522 824 555 876 ει
570 810 710 875 Paschae.

286 896 370 961 Item
397 898 548 983 magister
577 896 745 961 Gilbcrtus
776 896 928 983 Ohelghy
957 908 1047 963 tenet
1074 896 1242 962 dimidiam
1266 910 1447 963 carucatam

240 994 335 1048 terrae
354 984 388 1048 in
411 997 497 1048 terra
519 983 682 1069 burgagii,
700 1006 761 1069 per
775 984 863 1048 idem
881 984 1063 1063 servitium,
1079 994 1112 1048 et
1129 1006 1188 1068 per
1207 984 1376 1050 servitium
1389 986 1446 1051 iis.

265 1092 301 1133 er
317 1093 447 1135 annum.

240 1093 262 1154 p
287 1156 444 1241 Magister
459 1157 500 1221 dc
519 1155 616 1221 Mora
630 1167 720 1221 tenet
738 1156 957 1242 Culmeynyg,
971 1179 1030 1240 ρετ
1048 1155 1180 1221 servitia
1198 1155 1353 1241 homagii,
1367 1156 1446 1221 fide·
1459 1162 1634 1229 calmeynyg.

240 1240 352 1321 litatis,
377 1255 410 1307 et
431 1256 525 1307 sectas
551 1244 740 1321 communis,
754 1256 788 1307 ct
810 1245 955 1307 continet
976 1242 1012 1307 in
1032 1266 1066 1307 sc
1089 1242 1147 1307 iiii.
1163 1255 1327 1307 carucatas
1341 1256 1446 1324 terrae,

243 1328 410 1393 reddendo
426 1352 618 1414 perannum
633 1329 723 1407 xiia,
739 1330 780 1395 ad
796 1331 949 1395 terminos
965 1330 1138 1413 predictos.

288 1414 374 1479 Item
396 1416 482 1480 idcm
509 1416 670 1480 liebertus
694 1416 780 1481 filius
805 1416 913 1481 David
935 1417 976 1480 de
1002 1417 1098 1499 Rupe
1121 1426 1210 1480 tenet
1227 1415 1635 1497 Faruammar,1³amammsr.

243 1503 462 1565 coutinentem
484 1503 519 1567 in
541 1526 575 1566 se
591 1525 622 1565 v.
638 1517 801 1567 carucatas
820 1516 925 1580 terrm,
939 1526 998 1585 ρετ
1020 1503 1153 1566 servitia
1173 1501 1327 1587 homagii,
1342 1501 1446 1567 fideli·

243 1588 328 1666 tatis,
344 1601 378 1653 et
399 1589 577 1652 communis
600 1603 705 1667 secta,
721 1602 753 1653 ει
775 1612 833 1673 per
856 1588 1025 1653 servitium
1047 1588 1187 1667 xxiiiin,
1202 1601 1235 1654 et
1251 1588 1340 1675 jacet
1360 1587 1446 1653 inter

243 1673 376 1737 domum
392 1674 525 1739 Ricardi
544 1676 639 1739 Baret
655 1691 688 1740 et
701 1675 841 1740 Galsridi
859 1676 981 1760 Cogau.
1556 1712 1558 1716 ·

287 1759 372 1825 Item
387 1762 567 1826 Nicholaus
586 1762 687 1847 Barry
701 1774 789 1827 tenet
801 1761 998 1847 Kylshanny
1010 1761 1116 1841 vidit,
1126 1784 1156 1825 v.
1166 1773 1329 1827 carucatas
1341 1772 1446 1841 terrae,
1459 1772 1626 1839 Kylshauay.

242 1860 280 1911 ut
301 1846 335 1910 in
358 1850 516 1913 montanis
539 1861 572 1913 ct
591 1848 695 1928 silvis,
720 1871 779 1932 per
801 1848 933 1913 servitia
953 1848 1108 1933 homagii,
1122 1846 1298 1928 fidelitatis,
1320 1848 1447 1925 warda,

241 1946 276 1998 ct
291 1934 468 1998 communis
483 1950 589 2012 sectae,
605 1948 637 1998 et
652 1958 710 2018 per
726 1935 891 1999 servitium
907 1956 961 2000 xa.
977 1957 1182 2019 perannum.

288 2018 372 2085 Item
401 2021 515 2084 dicunt
545 2021 635 2106 quod
666 2022 803 2107 Faybok
832 2034 962 2085 tenetur
990 2021 1030 2084 de
1059 2020 1201 2096 domino,
1227 2042 1287 2103 per
1314 2019 1633 2103 servitiaaggabollog.

242 2104 397 2191 homagii,
419 2108 595 2185 fidelitatis,
618 2108 795 2171 communis
818 2122 932 2185 sectm3
955 2107 1044 2191 quod
1068 2104 1251 2171 Dermicius
1275 2106 1447 2193 Macarthy
1480 2157 1483 2166 .

242 2206 333 2258 tenet
344 2194 547 2259 medietatem
562 2216 621 2278 ρετ
634 2195 764 2259 servitia
774 2195 809 2258 ii.
820 2216 1002 2258 marcarum
1014 2205 1047 2257 et
1058 2193 1212 2272 dimidiae,
1223 2204 1256 2259 et
1268 2194 1447 2259 communis

243 2292 336 2343 sectae
347 2306 356 2359 3
379 2293 412 2344 ει
434 2282 523 2365 quod
542 2282 691 2345 dominus
713 2281 811 2345 habet
828 2281 962 2358 ibidem,
977 2280 1076 2365 juxta
1093 2279 1210 2344 dictam
1229 2278 1446 2354 medietatem,

241 2364 334 2429 aliam
350 2368 385 2430 in
400 2368 558 2443 manibus,
574 2368 790 2433 continentem
806 2391 837 2433 v.
853 2383 1017 2431 carucatas
1033 2378 1127 2431 terne
1146 2366 1179 2429 in
1195 2366 1349 2444 dominio,
1364 2390 1446 2453 quas

240 2450 427 2517 habuerunt
452 2454 625 2519 Hibernici
651 2456 692 2519 ad
717 2454 841 2519 firmam
864 2477 924 2539 pro
945 2454 979 2518 ii.
1005 2453 1120 2518 marcis
1144 2474 1220 2517 cum
1244 2452 1390 2532 dimidia,
1412 2466 1446 2518 ει

240 2538 380 2604 vicarius
395 2540 515 2605 ibidem
532 2554 579 2605 cst
595 2541 756 2607 collector.

286 2624 378 2690 Idem
405 2627 589 2692 Dermicius
617 2640 706 2693 tenet
729 2629 762 2692 in
792 2626 975 2712 Clondroyt
998 2626 1127 2691 diversa
1152 2624 1612 2713 tenementa,red·010na105t,

240 2710 348 2776 dendo
367 2735 425 2797 per
444 2736 565 2777 annum
581 2714 613 2777 ii.
630 2738 751 2778 marcas
766 2727 799 2778 ει
815 2714 993 2789 dimidiam,
1008 2725 1041 2776 ει
1056 2711 1163 2777 omnia
1179 2710 1240 2777 alia
1258 2709 1390 2773 servitia
1407 2723 1446 2774 ut

240 2820 349 2881 supra,
364 2811 398 2863 ct
418 2800 507 2883 quod
529 2800 677 2863 dominus
701 2800 882 2883 Episcopus
904 2812 952 2862 est
973 2798 1160 2881 capitaneus
1182 2796 1333 2859 dominus
1348 2793 1446 2873 villae,

239 2895 274 2948 ει
295 2884 393 2947 habet
413 2885 448 2947 in
472 2885 557 2947 dieta
579 2884 657 2948 villa
678 2908 708 2949 v.
725 2898 886 2947 carucatas
909 2896 1014 2957 terne,
1037 2903 1120 2946 cccc.
1140 2902 1228 2944 acras
1250 2880 1353 2958 bosci,
1373 2902 1445 2965 quaa

238 2969 384 3033 reddunt
399 2968 528 3032 domino
543 2992 602 3053 per
617 2992 737 3032 annum
752 2969 832 3045 xla,
843 2982 876 3032 ει
890 2967 1032 3031 vicarius
1048 2965 1193 3053 ejusdem
1208 2965 1272 3031 loci
1286 2964 1447 3047 collactat,

240 3068 274 3120 et
290 3052 401 3118 venire
417 3054 551 3120 deberet
567 3056 607 3119 ad
623 3055 755 3119 curiam.

285 3141 392 3205 Heres
409 3140 540 3205 Patricii
557 3142 669 3226 Cogan
686 3154 774 3206 tenet
789 3141 829 3205 de
849 3138 978 3204 domino
994 3138 1029 3203 iu
1044 3138 1203 3225 Bumagh
1221 3137 1266 3203 iii.
1281 3153 1445 3205 carucatas
1459 3164 1594 3229 numaga.

240 3240 347 3308 terrae,
370 3251 428 3312 ρετ
452 3228 581 3292 servitia
604 3229 756 3314 homagii,
778 3226 952 3305 fidelitatis,
975 3239 1009 3291 et
1030 3226 1209 3290 communis
1230 3239 1336 3305 sectae,
1358 3239 1391 3293 ει
1411 3229 1445 3293 ii.

240 3336 420 3379 marcarum
436 3328 468 3379 ει
482 3314 624 3379 dimidiae
641 3338 699 3399 per
716 3339 857 3392 annum;
879 3314 973 3379 ctiam
991 3314 1080 3400 quod
1096 3312 1246 3377 dominus
1262 3312 1446 3399 Episcopus

241 3415 289 3464 est
307 3402 455 3465 dominus
476 3402 573 3478 villae,
589 3416 622 3466 ει
644 3402 742 3467 habet
762 3402 816 3467 vii.
834 3412 996 3465 carucatas
1018 3413 1121 3476 terrae,
1137 3412 1170 3465 et
1185 3400 1228 3466 vi.
1244 3423 1333 3466 acras
1345 3401 1446 3478 bosci,

241 3508 320 3571 quas
335 3500 481 3552 tenentes
497 3502 609 3553 tenent
624 3490 664 3553 ad
680 3490 878 3554 voluntatem
895 3487 1027 3552 domini.

286 3572 368 3637 Item
389 3574 476 3638 idem
501 3576 684 3640 Dermicius
706 3590 795 3640 tenet
817 3576 852 3639 in
876 3574 1024 3657 Dromyn
1046 3596 1078 3635 r.
1094 3584 1259 3637 carucatas
1281 3585 1386 3647 terrae,
1407 3594 1444 3636 ar.
1458 3594 1587 3660 Dromyn.

241 3680 328 3723 acras
345 3660 443 3739 bosci,
459 3662 499 3725 ad
517 3663 714 3727 voluntatem
730 3662 863 3735 domini,
879 3684 936 3744 per
952 3659 1085 3723 servitia
1102 3657 1256 3742 homagii,
1270 3656 1446 3736 fidelitatis,

241 3748 418 3811 communis
435 3764 541 3824 secta,
557 3762 590 3812 et
608 3749 674 3813 als.
691 3772 750 3833 per
769 3770 900 3812 annum.

286 3831 368 3896 ltem
382 3833 495 3899 dicunt
507 3836 595 3919 quod
613 3836 791 3919 Episcopus
807 3846 856 3897 est
872 3831 1021 3896 dominus
1037 3829 1078 3893 de
1091 3827 1287 3914 Adrynagh,
1300 3841 1332 3895 et
1347 3829 1445 3896 habet
1458 3840 1614 3907 Adryasgh.

240 3917 361 3982 ibidem
383 3943 440 3985 xx.
465 3938 627 3985 carucatas
650 3936 757 3999 terrac,
781 3941 818 3985 m.
842 3942 929 3983 acras
953 3915 1053 3994 bosci,
1075 3935 1113 3977 u.
1137 3938 1226 3979 acras
1250 3928 1388 4001 pastura
1410 3917 1446 3982 in

240 4018 422 4069 tenemento
441 4006 643 4092 lnnyscarth.

284 4090 391 4155 Heres
409 4093 561 4157 Niclrolai
578 4094 618 4158 de
637 4095 730 4176 Rupe
747 4114 806 4175 pro
824 4088 1012 4175 Balycaygh
1031 4088 1100 4152 lxx.
1115 4110 1203 4152 acras
1219 4088 1372 4169 bruariae,
1387 4112 1444 4153 1111.
1458 4088 1620 4157 1³¹¹¹50¹¹58¹L

240 4192 402 4243 carucatas
417 4192 524 4258 terrae,
540 4192 628 4245 tenet
650 4179 691 4243 de
714 4178 856 4253 domino,
872 4200 930 4260 per
953 4175 1081 4240 servitia
1100 4176 1255 4261 homagii,
1268 4175 1445 4256 fidelitatis,

239 4275 273 4327 st
287 4266 465 4329 communis
481 4280 587 4341 sectae,
603 4280 636 4330 et
650 4264 788 4329 xxxvia.
806 4263 900 4326 viiid.
918 4284 977 4346 per
996 4284 1126 4327 annum.

283 4348 367 4415 Item
390 4350 587 4438 Balyorclog
604 4352 624 4415 i.
641 4364 819 4416 cmucatam
843 4362 936 4413 terra
959 4371 1019 4433 per
1041 4348 1208 4415 servitium
1225 4370 1291 4425 va,
1306 4358 1340 4413 et
1358 4348 1444 4414 reale
1457 4369 1620 4437 leyordog.

239 4436 406 4501 servitium
421 4452 455 4503 et
468 4460 644 4509 commune.
665 4460 763 4524 quam
777 4436 939 4523 quondam
957 4435 1137 4500 Nicholaus
1153 4433 1270 4498 tenuit.
