3825 5059
797 448 844 523 ‘23

214 646 363 722 tempora
390 632 453 701 suit
479 634 659 713 mutuatim,
680 634 736 702 iis.
782 633 826 700 Et
847 634 893 701 ita
914 634 1029 701 dicunt
1051 633 1212 701 Ricardus
1237 633 1279 702 dc
1306 634 1432 715 Media,

215 722 383 788 Iohannes
400 720 487 787 filius
504 720 658 788 Nicholai
675 722 717 787 de
733 720 860 801 Media,
874 721 983 786 Atlam
1001 721 1178 807 Hardyrig,
1194 722 1228 787 N
1231 722 1375 788 icholaus
1388 724 1432 789 (le

215 807 328 893 Rupe,
336 806 507 875 GalIridus
519 806 693 888 Olowhan,
704 807 865 874 Ricardus
878 808 1050 888 Olowhan,
1062 832 1146 873 anno
1159 809 1260 896 Regis
1275 809 1430 875 Edwardi

214 894 304 961 tertii
316 906 391 981 post
405 906 621 981 conquestum
635 894 753 960 mix.
768 904 801 960 et
816 894 1065 961 consecrationis
1079 894 1158 961 dicti
1172 894 1330 980 Episcopi
1345 918 1430 963 anno

217 980 326 1048 tenio:

259 1066 427 1133 Iohannes
448 1065 491 1132 tle
514 1065 627 1153 Kerry
649 1067 703 1133 (lie
732 1066 866 1133 Sabbati
888 1068 1038 1151 proximo
1061 1078 1135 1153 post
1160 1066 1282 1134 festum
1304 1066 1429 1135 Sanctae
1443 1084 1596 1137 Ktloomsn.

216 1152 398 1232 Katerinm
418 1176 504 1219 anno
527 1154 614 1240 regis
633 1154 789 1219 Edwardi
810 1154 900 1220 tertii
921 1167 996 1240 post
1017 1166 1232 1241 conquestum
1253 1156 1372 1221 xxxix.
1394 1157 1430 1221 in

218 1238 354 1307 ecclesia
376 1240 554 1325 parochiali
576 1242 617 1306 de
642 1240 783 1317 Bothon,
807 1263 915 1307 coram
936 1240 1067 1306 domino
1090 1240 1242 1305 Iohanne
1265 1240 1430 1327 Episcopo

216 1326 332 1405 Clone,
356 1324 509 1413 cognovit
532 1348 566 1392 se
590 1339 701 1393 tenero
726 1327 767 1392 de
789 1327 925 1393 ecclesia
946 1327 1057 1393 Sancti
1075 1326 1225 1393 Colmani
1247 1324 1430 1407 Cloneusis,

216 1435 321 1479 unum
336 1411 445 1478 locum
459 1424 610 1479 vocatum
626 1412 820 1494 Kilcoruan,
831 1414 1051 1479 continentem
1064 1413 1099 1478 in
1112 1436 1147 1479 se
1160 1413 1181 1477 i.
1219 1424 1429 1479 uarentenam

216 1510 312 1565 terra
337 1498 479 1577 arabilis,
502 1520 562 1584 per
587 1500 720 1566 servitia
743 1500 819 1566 hom
865 1500 899 1578 ‘',
922 1500 1100 1579 fidelitatis,
1123 1511 1159 1565 et
1180 1436 1255 1565 xla.
1280 1498 1429 1565 annualis

217 1585 379 1666 redditus,
394 1585 454 1737 spui
469 1585 558 1673 jacet
573 1586 674 1673 juxta
690 1598 810 1653 terram
821 1524 978 1672 affifippi
999 1587 1106 1674 Barry
1123 1586 1165 1652 de
1186 1586 1430 1673 Catherdogan,

217 1682 251 1739 at
265 1683 386 1739 terram
424 1672 560 1738 ohannis
575 1672 617 1739 da
629 1672 743 1739 Madia
757 1696 800 1739 ex
815 1672 916 1739 altera
927 1686 1033 1760 parte,
1044 1684 1079 1740 et
1090 1696 1129 1739 co
1142 1672 1195 1739 die
1206 1671 1284 1739 fecit
1296 1673 1429 1741 domino

218 1756 407 1845 homagium
421 1770 456 1825 et
468 1758 667 1826 fidelitatem.

259 1844 318 1911 Ad
338 1844 463 1910 curiam
480 1845 522 1911 de
537 1845 780 1947 Kylmaclenp'u
798 1856 963 1913 tenentem
978 1846 1032 1911 die
1051 1844 1168 1912 Martis
1185 1846 1335 1931 proximo
1354 1859 1431 1933 post

216 1928 337 1997 festum
349 1930 566 2011 Pentecostes,
579 1953 664 1998 anno
679 1954 766 2019 regis
782 1932 938 1997 Edwardi
951 1932 1040 1998 tertii
1054 1945 1128 2017 post
1141 1944 1355 2019 conquestum
1368 1933 1429 2000 xli.

240 2040 283 2083 uo
305 2016 359 2083 dia
380 2029 602 2103 presentatum
623 2017 688 2084 tuit
709 2041 817 2084 coram
838 2017 970 2085 domino
993 2019 1158 2104 Episcopo
1180 2042 1241 2103 per
1267 2018 1429 2086 Iacobum

325 2150 336 2182 ,
361 2102 543 2171 Robertum
565 2103 670 2171 filium
695 2104 866 2171 Willielmi
895 2104 1012 2192 Barry,
1037 2105 1229 2191 Philippum
1255 2105 1362 2192 Barry
1386 2106 1429 2173 de

217 2188 459 2276 Catherdogan,
488 2190 599 2258 David
631 2191 780 2278 Magncl,
810 2191 1002 2277 Philippum
1031 2190 1136 2257 filium
1168 2191 1281 2259 David
1310 2192 1429 2279 Barry,

216 2275 401 2343 Iohannem
422 2276 680 2379 Omollrannpsh,
700 2277 890 2364 Gylmallok
912 2278 1079 2365 Ospallan,
1097 2278 1225 2366 juratos
1246 2300 1306 2363 per
1323 2276 1428 2345 fideli·

216 2372 317 2429 tatem
338 2385 471 2443 aorum;
498 2362 567 2437 Qui
585 2364 712 2445 dicum,
726 2365 816 2451 quod
832 2364 1033 2431 Willielmus
1049 2365 1162 2453 Cogan
1177 2365 1314 2431 clericus
1329 2365 1429 2433 debet

217 2459 338 2515 sectam
356 2450 455 2516 curiae
475 2450 517 2515 de
536 2450 779 2538 Kylmaclenyn
797 2463 830 2518 et
852 2451 929 2519 fecit
950 2451 1113 2518 defaltum.
1159 2452 1244 2517 Item
1261 2452 1427 2519 Jordanus

215 2532 336 2622 Yonga
365 2537 407 2602 de
438 2536 641 2604 Cloncourth
670 2537 748 2604 fecit
776 2538 933 2605 similiter.
994 2538 1079 2604 Item
1109 2536 1309 2604 Willielmus
1340 2537 1427 2603 filius

216 2619 374 2687 Iohannis
392 2622 580 2691 Rochc'iord
604 2623 682 2692 fecit
699 2624 855 2690 similiter.
901 2625 987 2691 Item
1004 2624 1177 2692 Donaldus
1192 2623 1429 2689 Ohennonhau

215 2704 294 2774 iecit
307 2707 465 2777 similiter.
510 2710 595 2776 Item
617 2710 787 2776 Donaldus
808 2710 926 2777 March
943 2710 1021 2775 fecit
1038 2710 1195 2776 similiter.
1241 2708 1327 2774 Item
1342 2708 1428 2773 Der·

216 2792 331 2860 micius
347 2794 466 2861 March
479 2795 558 2862 fecit
572 2796 729 2861 similiter.
768 2796 853 2862 Item
867 2797 939 2861 Ede
955 2797 1060 2882 Barry
1074 2796 1154 2861 fecit
1169 2794 1326 2860 similiter.
1357 2793 1429 2865 Qui

216 2878 332 2947 dicunt
350 2881 443 2966 quod
464 2882 620 2947 viderunt
643 2895 676 2948 et
698 2881 894 2946 audiverunt
914 2884 1002 2966 ipsos
1026 2903 1220 2965 procorum
1241 2880 1428 2946 tenentibus
1535 2892 1543 2903 ‘

215 2964 348 3031 domino
371 2964 475 3031 facere
501 2978 621 3032 sectam
644 2980 678 3032 et
698 2966 894 3051 homagium.
940 2966 1067 3031 Eodem
1081 2966 1135 3032 die
1157 2962 1269 3031 David
1291 2964 1428 3052 Magnel

214 3050 251 3117 in
265 3050 431 3136 presentia
447 3074 560 3118 eorum
577 3051 654 3118 fecit
671 3051 802 3117 domino
821 3051 1020 3138 homagium,
1033 3064 1068 3118 ct
1085 3051 1238 3138 coguovit
1254 3063 1366 3118 tencre
1385 3053 1427 3118 de

215 3136 347 3205 domino
370 3138 459 3222 apud
481 3136 631 3205 Soboltra
651 3138 675 3204 i.
696 3150 876 3204 carucatam
897 3151 1005 3215 terra,
1023 3150 1057 3204 ct
1073 3138 1162 3223 apud
1181 3136 1345 3225 Clonmyn
1365 3139 1426 3205 iiii.

215 3234 381 3291 carucatas
393 3235 499 3305 terrm,
508 3248 568 3311 per
579 3224 753 3293 sarritiaii.
762 3246 942 3313 marcarum
954 3247 1014 3310 per
1026 3247 1159 3305 annum,
1167 3236 1201 3291 et
1211 3236 1305 3291 scctoe
1316 3226 1428 3306 curia,

217 3308 360 3397 homagii
377 3323 411 3377 et
427 3310 602 3378 fidelitatis.
1394 3375 1401 3395 ,.

261 3396 346 3463 Item
368 3396 483 3465 eodem
505 3396 559 3465 die
581 3398 728 3484 predicto
750 3398 865 3464 dicunt
882 3399 973 3486 quod
995 3398 1017 3463 J
1018 3398 1160 3465 ohannes
1180 3397 1268 3465 filius
1286 3398 1620 3479 Hauricicmttseueny.

218 3480 331 3569 (logan
345 3484 428 3551 obiit
448 3484 574 3551 saisitus
590 3486 632 3551 de
649 3486 672 3552 i.
687 3498 834 3551 camerata
851 3497 945 3552 tarrae
964 3486 1053 3571 apud
1070 3486 1299 3573 Coulheneny,
1312 3497 1428 3552 vocata

218 3566 562 3659 Macholdrylreslond,
577 3593 674 3658 quam
689 3570 796 3639 tenuit
816 3572 857 3638 de
875 3572 963 3639 dicto
982 3572 1160 3657 Episcopo,
1177 3595 1237 3656 par
1257 3571 1427 3637 servitium

215 3654 308 3722 xiiis.
322 3654 422 3736 iiiia,
435 3668 471 3724 et
483 3657 547 3725 fuit
560 3658 701 3737 bastard,
716 3670 749 3725 et
767 3658 932 3725 Henricus
946 3657 1034 3723 filius
1051 3682 1130 3723 suus
1151 3670 1186 3723 et
1198 3657 1294 3721 heres
1311 3655 1427 3722 habuit

216 3740 336 3808 dictam
349 3754 481 3823 terram,
496 3744 621 3810 etfacit
636 3744 768 3811 domino
783 3745 842 3832 qui
859 3767 920 3830 pro
935 3756 1015 3809 tunc
1028 3742 1093 3809 fuit
1107 3742 1232 3808 dictum
1246 3740 1427 3819 servitium,

215 3838 251 3894 ct
267 3827 349 3895 obiit
365 3829 505 3911 saisitus,
523 3841 557 3897 et
574 3830 690 3898 habuit
710 3832 894 3897 Hauricum
915 3829 1021 3895 filium
1040 3850 1137 3893 suum
1153 3828 1247 3893 etatis
1264 3826 1310 3892 ix.
1325 3849 1426 3893 auno-

214 3934 302 3993 rum,
315 3924 349 3981 ct
363 3916 490 3983 saisitus
506 3916 569 3983 fuit
583 3930 729 4004 tempore
752 3917 773 3983 J
775 3916 910 3983 ohannis
932 3914 1110 3993 Swafham,
1124 3914 1171 3979 sic
1187 3912 1252 3980 fuit
1264 3913 1300 3979 iu
1314 3914 1426 3981 warda

213 3998 357 4153 pieriiiiB
365 4016 517 4156 mtzohet
530 4003 615 4105 obiit
632 4018 670 4071 ut
688 4003 902 4155 (τεᾴωὲῑὰᾱίο
917 4003 1116 4155 ,llutffiillffil
1132 4000 1251 4068 festum
1268 4000 1425 4068 Purifica-

240 4108 312 4153 oms
358 4110 396 4155 ea
595 4113 680 4157 anno
695 4112 730 4155 re
765 4112 780 4155 s
851 4111 916 4155 war
940 4112 952 4154 1
1110 4137 1118 4154 .

258 4171 420 4241 Dominus
435 4174 458 4242 J
459 4112 602 4242 offitiis
615 4175 726 4242 Roohe
742 4175 802 4240 ord
812 4174 916 4255 miles,
928 4176 1018 4260 apud
1031 4174 1274 4263 Kylmaclcnyn
1285 4172 1424 4241 incuria
1434 4186 1561 4255 xylbtsa

214 4255 317 4415 gippit]
332 4260 464 4328 domino
474 4261 663 4351 homagium
673 4274 708 4329 ct
717 4260 907 4329 fidelitatem
920 4262 1014 4329 vidlt
1030 4262 1084 4329 die
1099 4262 1202 4329 Lunae
1217 4273 1292 4327 ante
1303 4259 1422 4326 festum

280 4346 325 4417 uti
348 4347 440 4425 Petri
457 4349 499 4417 ad
516 4348 659 4417 Vincula
680 4372 765 4417 auno
782 4347 898 4433 xxxix.
917 4360 951 4417 et
970 4350 1124 4439 cognorit
1143 4360 1255 4416 tenere
1272 4344 1423 4437 Kylblsn
