3825 5059
1080 440 1127 514 38

499 646 595 702 etcet.
639 631 687 700 Ut
700 630 769 698 haec
785 642 894 697 sutem
909 630 1041 696 donatio
1056 640 1166 694 nostra
1180 639 1214 694 et
1231 627 1434 697 confirmatio
1448 641 1519 696 rats
1533 641 1568 696 et
1588 623 1724 694 stabilis

498 722 534 789 in
550 734 747 807 perpetuum
761 729 961 804 permaneat,
975 718 1120 802 presenti
1138 728 1233 781 cartre
1248 715 1395 801 sigillum
1410 728 1562 805 nostrum*
1572 714 1725 781 {ecimus

498 808 620 893 apponi
631 832 640 887 ς
658 806 721 871 hiis
742 804 878 872 testibus
901 804 1033 869 domino
1053 802 1075 867 J
1076 801 1203 867 ohanne
1223 802 1351 882 Pouet,
1373 802 1504 868 domino
1519 802 1665 869 Simone
1681 799 1725 863 de

500 893 684 978 Cantelupo
703 902 737 958 et
757 891 837 957 aliis.
883 890 1007 955 Datum
1024 888 1111 973 apud
1132 887 1327 975 Balycotyn,
1343 888 1397 953 die
1411 889 1544 955 Sabbati
1557 886 1725 977 proximo

499 992 574 1045 ante
590 978 805 1045 Nativitatem
824 977 918 1043 Beati
936 974 1095 1042 Iohannis
1114 973 1281 1060 Baptistoe,
1296 998 1381 1041 anno
1399 975 1536 1042 Domini
1550 972 1725 1042 mooun.

499 1066 648 1153 septimo.

543 1237 715 1325 Inquisitio
737 1250 831 1323 capta
852 1237 892 1303 de
914 1234 1010 1303 terris
1028 1245 1061 1300 et
1081 1233 1274 1300 tenementis
1289 1256 1370 1386 (iim
1388 1232 1555 1300 Johannes
1573 1231 1724 1315 Okamy

500 1323 607 1392 dictus
629 1324 748 1410 Lowys
769 1336 860 1389 tenet
886 1323 921 1388 in
943 1322 1085 1387 villarie
1110 1320 1214 1386 Clone
1240 1332 1274 1386 et
1320 1320 1440 1386 ominio
1465 1320 1630 1405 predicto,
1656 1338 1723 1402 per

500 1411 684 1477 Iohannem
708 1409 812 1475 filium
838 1409 949 1475 David
973 1405 1217 1474 Seneschallum
1242 1406 1400 1492 Episcopi
1423 1406 1540 1486 Clone,
1562 1406 1599 1471 in
1630 1403 1722 1469 fests

498 1498 610 1565 Sancti
626 1496 788 1576 Colmani,
804 1518 889 1561 anno
905 1495 1039 1561 Domini
1053 1493 1223 1560 millesimo
1238 1516 1305 1559 ccc.
1320 1493 1426 1559 xlviii.
1439 1492 1535 1559 vidia
1550 1515 1663 1579 per-

499 1656 697 1759 Gregorium
713 1656 862 1733 Walens,
1107 1655 1233 1721 Madolr
1246 1656 1313 1723 fitz.
1329 1655 1502 1737 Iohannis,

500 1744 611 1818 David
626 1743 733 1821 codd,
1105 1742 1258 1827 Reynold
1274 1744 1438 1829 Burgeys,

500 1830 659 1896 Thomam
674 1829 781 1906 codd,
1108 1828 1324 1894 Willielmum
1339 1828 1464 1908 Wolfc,

501 1916 658 1983 Thomam
675 1916 864 2003 Macodrys,
1105 1915 1299 1981 Mauritium
1315 1913 1423 1996 codd,

501 2002 615 2071 David
628 2002 761 2089 Unyalr,
1105 2001 1269 2068 Simonem
1285 2000 1395 2081 Codri,

500 2090 686 2157 Iohannem
698 2090 762 2154 fitz.
774 2088 911 2155 Roberti
923 2088 1084 2169 Herforrl,
1107 2088 1322 2154 Laurentium
1340 2086 1448 2164 codd,

501 2175 699 2241 Michaelem
721 2176 845 2253 Noble‚
1107 2174 1295 2240 Gilbertum
1310 2174 1484 2253 Staunton,

502 2261 680 2326 Ricardum
697 2260 823 2347 Cogen,
1106 2261 1128 2326 J
1129 2261 1267 2326 acobum
1282 2261 1389 2338 Codri,

501 2346 680 2412 Ricardum
696 2345 761 2410 fitz.
778 2346 930 2425 Simonis,
1105 2346 1288 2413 Iohannem
1302 2346 1368 2412 fitz.
1382 2344 1522 2413 Simonis
1536 2346 1699 2434 Kenedy‚

500 2431 717 2498 Willielmum
729 2431 795 2497 fitz.
810 2432 962 2512 Simonis,
1104 2433 1300 2499 Mauritium
1315 2433 1462 2520 Okamy.

544 2610 613 2684 Qui
629 2610 732 2698 jurati
754 2611 869 2677 dicunt
890 2634 949 2697 per
972 2624 1209 2678 sacramentum
1231 2636 1337 2691 suum,
1352 2613 1443 2700 quod
1464 2611 1632 2679 Johannes
1650 2608 1714 2700 qui

500 2699 676 2766 vocabatur
699 2699 817 2784 Lowys
843 2712 892 2764 est
913 2721 1016 2784 purus
1040 2698 1240 2766 Hibernicus
1262 2700 1359 2765 etde
1381 2702 1538 2787 progenie
1562 2699 1713 2785 Olrarny,=

501 2798 536 2853 et
552 2786 667 2853 dicunt
685 2786 776 2871 quod
793 2786 901 2851 omnia
917 2786 1015 2864 bone,
1033 2798 1140 2866 terrae,
1158 2798 1191 2853 et
1208 2799 1392 2854 tenemento
1408 2810 1469 2852 suc
1487 2797 1565 2853 sunt
1585 2782 1714 2851 domini

502 2873 659 2959 Episcopi
681 2873 797 2951 Olone,
815 2873 893 2959 quia
915 2897 1025 2940 omues
1047 2874 1089 2940 de
1110 2873 1267 2961 progenie
1285 2872 1420 2959 Okarny
1437 2884 1513 2940 sunt
1535 2868 1712 2939 Hibernici

502 2960 658 3027 Ecclesia
675 2959 786 3026 Sancti
802 2960 951 3027 Colmani
965 2972 999 3026 et
1013 2962 1126 3039 nativi,
1142 2974 1176 3026 et
1190 2961 1306 3026 dicunt
1320 2960 1409 3046 quod
1423 2958 1578 3038 habet,-

544 3046 566 3111 i.
589 3046 806 3132 messuagium
830 3047 968 3132 capitale
991 3049 1025 3112 in
1048 3048 1165 3128 Clone,
1184 3048 1219 3112 ii.
1243 3070 1332 3113 acras
1352 3058 1447 3112 terrae
1475 3069 1549 3133 quse
1574 3038 1711 3133 [valent]

502 3131 588 3196 ultre
602 3132 741 3214 reprisas
755 3132 813 3195 xix
820 3136 851 3197 d.
869 3156 928 3213 per
944 3158 1075 3198 annum.

547 3215 631 3280 Item
649 3217 670 3279 i.
687 3216 776 3315 aliud
797 3219 1015 3301 messuagium
1033 3220 1091 3284 ubi
1114 3218 1280 3285 Johannes
1301 3218 1410 3306 Odoly
1426 3233 1548 3298 manet,
1569 3230 1603 3286 et
1623 3217 1714 3284 valet

501 3322 561 3387 per
576 3322 696 3365 annum
711 3322 767 3365 nr.

544 3386 629 3451 Item
646 3384 668 3449 i.
684 3384 774 3486 aliud
796 3386 1014 3471 messuagium
1036 3388 1095 3454 ubi
1113 3388 1294 3454 Nicholaus
1313 3388 1402 3474 otyn
1423 3400 1544 3467 manet,
1566 3404 1600 3456 et
1621 3391 1714 3458 valet

501 3495 562 3558 per
580 3492 701 3537 annum
719 3493 785 3537 vis.

546 3558 631 3625 Item
648 3557 669 3624 i.
686 3557 775 3661 alieri
798 3556 1017 3645 messuagium
1039 3559 1098 3626 ubi
1115 3559 1138 3626 J
1138 3558 1282 3625 ohannes
1303 3560 1422 3648 Lowys
1436 3570 1556 3636 manet,
1573 3570 1608 3625 et
1624 3563 1714 3630 valet

502 3670 562 3733 per
578 3668 699 3713 annum
714 3668 793 3712 mre.

547 3734 632 3800 Item
646 3734 668 3799 i.
684 3733 774 3799 aliud
790 3733 1007 3819 messuagium
1021 3733 1080 3800 ubi
1097 3734 1119 3800 J
1121 3733 1265 3800 ohannes
1282 3734 1370 3800 filius
1385 3732 1528 3800 Andreas
1543 3746 1664 3814 manet,
1679 3747 1713 3801 et

502 3820 590 3887 valet
606 3842 665 3905 per
680 3844 802 3886 anuum
817 3819 881 3885 vis.

547 3906 632 3971 Item
642 3906 663 3969 i.
676 3906 892 3993 messuagium
904 3906 963 3973 ubi
974 3907 996 3972 J
997 3907 1140 3975 ohannes
1152 3908 1271 3995 Lowys
1285 3909 1364 3975 dum
1376 3908 1462 3975 vixit
1474 3907 1636 3987 manebat,
1645 3918 1678 3973 et
1687 3906 1710 3975 i.

504 3991 595 4060 aliud
610 3990 668 4056 ubi
682 3993 845 4058 stabulum
862 4016 955 4059 suum
972 3993 1045 4062 suit.

547 4079 633 4144 Item
647 4076 668 4143 i.
684 4079 903 4165 messuagium
917 4080 976 4146 ubi
991 4082 1169 4149 Mauritius
1184 4081 1256 4148 cod
1274 4094 1394 4162 manet,
1409 4093 1443 4148 et
1457 4081 1545 4147 valet
1558 4080 1638 4146 iiiis.

547 4166 632 4232 Item
647 4163 668 4230 i.
683 4165 902 4250 messuagium
916 4168 975 4232 ubi
990 4169 1012 4233 J
1014 4169 1157 4235 ohannes
1172 4168 1276 4255 Okyit
1290 4182 1411 4251 manet,
1427 4181 1460 4235 et
1473 4168 1562 4235 valet
1575 4166 1644 4232 iiis.

549 4253 633 4319 Item
648 4250 670 4317 i.
686 4251 900 4337 messuagium
915 4252 973 4318 ubi
988 4253 1099 4323 David
1114 4258 1155 4321 de
1171 4256 1268 4339 Rupe
1283 4268 1404 4337 manet,
1419 4268 1453 4322 et
1466 4254 1554 4321 valet
1567 4253 1601 4318 iii
1607 4276 1633 4318 s.

549 4338 634 4403 Item
648 4338 670 4405 i.
686 4338 902 4425 messuagium
915 4339 975 4404 ubi
990 4340 1133 4427 Crystok
1148 4342 1260 4428 Bryde
1274 4356 1396 4422 manet,
1411 4354 1445 4407 et
1458 4342 1547 4409 valet
1561 4340 1626 4405 vis.
