3825 5059
295 1113 421 1165 Soboltrc.

290 2570 457 2622 Cloncourth.

1088 402 1136 471 50

552 578 605 643 De
621 580 642 644 J
644 580 770 645 ohanne
784 581 851 646 filio
869 580 980 648 David
994 585 1034 649 de
1052 585 1169 671 Barry,
1182 609 1240 670 pro
1255 588 1382 674 Lalryn,
1397 613 1452 655 κε.

553 664 606 729 De
621 664 753 731 Vicario
769 668 810 731 dc
826 667 988 747 Soboltre,
1023 693 1059 734 ro
1072 671 1239 757 Ospallan,
1254 674 1319 741 iiis.
1337 676 1407 741 vid.

552 750 606 816 De
621 751 746 816 Thomu
760 753 902 818 Amothe
915 693 1135 841 asmclomyr,ll
1149 759 1196 822 iiii
1202 760 1233 823 d.

552 836 605 901 De
620 835 767 903 Waltcro
783 839 930 925 Magnel,
945 864 1005 926 pro
1022 842 1172 929 Clomyn,
1190 845 1254 910 vis.
1270 845 1365 911 viiid.

552 924 672 990 Omnes
695 924 748 989 isti
771 924 893 990 debent
914 939 1034 992 sectam
1057 930 1155 993 curiae
1176 931 1216 993 de
1238 931 1494 1018 Kylmaclenyn,
1510 935 1665 1013 wardam,
1684 947 1723 1000 et

508 1010 723 1095 maritagium.

551 1096 616 1161 Die
630 1096 732 1161 Lunae
747 1097 895 1181 proximo
912 1110 986 1163 ante
1002 1098 1120 1165 festum
1133 1100 1335 1167 Inventionis
1348 1103 1473 1169 Sanctae
1486 1104 1614 1181 Crucis,
1627 1129 1720 1170 anno

507 1183 602 1269 regni
625 1182 795 1247 Edwardis
823 1184 922 1264 tertii,
953 1208 1037 1249 anno
1067 1189 1248 1336 conguesti,
1278 1191 1409 1267 xxxix,
1437 1189 1546 1255 David
1576 1192 1614 1255 M
1683 1192 1718 1255 el

507 1269 585 1335 fecit
598 1268 785 1354 homagium
800 1269 930 1333 domino
946 1270 1110 1355 Episcopo
1160 1272 1291 1353 lone,ct
1305 1275 1458 1359 cognovit
1473 1274 1640 1359 [setenere
1669 1278 1715 1341 de

506 1356 649 1421 manerio
671 1356 712 1419 de
735 1354 988 1441 Kylmaclenyn,
1010 1356 1183 1442 Olonmyn,
1204 1383 1263 1444 per
1284 1361 1453 1426 servitium
1474 1362 1507 1426 ii.
1529 1384 1712 1427 marcarum

505 1464 566 1526 per
593 1464 725 1519 annum,
751 1453 784 1505 et
810 1440 886 1505 alias
910 1454 1013 1507 terras
1039 1444 1075 1507 in
1103 1443 1263 1525 Soboltre,
1290 1468 1350 1529 per
1375 1447 1543 1511 servitium
1567 1448 1712 1513 dimidia

506 1548 621 1591 marcae
643 1548 703 1609 per
725 1550 854 1591 annum.

545 1612 635 1677 -Item
651 1612 813 1677 Robertus
832 1613 969 1699 Magnel
983 1614 1060 1679 fecit
1078 1615 1224 1681 similiter
1241 1616 1429 1702 homagium
1446 1618 1576 1683 domino
1592 1619 1708 1684 eodem

505 1698 571 1776 die,
587 1708 620 1763 et
634 1698 786 1782 cognovit
807 1722 840 1763 se
861 1712 972 1765 tenere
992 1701 1026 1764 in
1048 1700 1196 1766 Soboltre
1210 1702 1254 1766 iii.
1272 1716 1434 1767 carucatas
1450 1716 1555 1781 terrae,
1568 1726 1628 1789 per
1643 1727 1709 1769 ser-

505 1784 585 1850 vitia
605 1784 627 1848 i.
649 1806 762 1848 marcae
779 1797 813 1849 et
830 1786 1008 1851 communis
1024 1798 1129 1863 scctae,
1143 1788 1285 1874 homagii
1300 1801 1333 1852 et
1347 1789 1521 1854 fidelitatis.

549 1870 633 1935 Item
658 1869 822 1936 Robertus
846 1870 931 1935 filius
949 1871 1122 1938 Willielmi
1143 1873 1184 1937 de
1210 1874 1314 1959 Barry
1329 1873 1406 1939 fecit
1425 1874 1572 1939 similiter
1592 1875 1706 1940 eodem

505 1956 559 2021 die
582 1957 678 2021 homa
703 1956 781 2031 ‘um,
805 1969 838 2023 et
862 1959 1014 2044 cognovit
1036 1980 1071 2023 se
1095 1970 1206 2023 tencre
1229 1960 1264 2023 in
1289 1959 1437 2025 Soboltre
1452 1960 1521 2025 viii.
1542 1973 1707 2025 carucatas

504 2054 598 2107 terras
623 2054 655 2108 et
701 2043 857 2120 imisliam,
877 2066 937 2128 per
960 2044 1090 2109 servitia
1104 2045 1147 2109 vi.
1163 2068 1342 2110 marcarum
1366 2057 1400 2109 et
1419 2068 1475 2110 xs.
1496 2068 1706 2129 perannum,

504 2138 537 2191 et
552 2128 729 2191 communis
744 2140 837 2193 sectae
854 2130 950 2193 eurise
967 2130 1007 2194 de
1024 2128 1274 2216 Kylmaclenyn.

547 2211 632 2276 Item
652 2213 816 2278 Jordanus
838 2212 957 2299 Yonge
979 2215 1126 2280 similiter
1149 2216 1264 2281 eodem
1286 2216 1339 2280 die
1360 2215 1437 2280 fecit
1457 2216 1656 2302 homagium,
1673 2229 1706 2283 et

503 2297 657 2383 cognovit
672 2320 705 2362 se
721 2310 831 2363 tenere
848 2300 889 2363 de
905 2299 1036 2363 domino
1049 2299 1250 2366 Cloncourth
1265 2325 1325 2387 per
1339 2302 1471 2368 servitia
1481 2304 1504 2367 'a
1516 2324 1631 2368 marce
1646 2326 1707 2389 per

503 2406 635 2463 annum,
651 2395 683 2448 et
698 2383 875 2448 communis
890 2396 984 2450 sectae
999 2386 1097 2451 curiae
1114 2387 1155 2451 de
1172 2387 1423 2473 Kylmaclenyn.

546 2554 708 2622 Orestinus
725 2554 848 2621 Christi
864 2556 1017 2623 fidelibus
1033 2557 1075 2622 ad
1088 2581 1171 2643 quos
1186 2580 1319 2644 presens
1336 2558 1493 2641 scriptum
1510 2559 1705 2643 pervenerit,

503 2640 631 2709 Alanus
650 2642 716 2708 Dei
735 2644 839 2729 gratia
857 2643 960 2708 Oloue
984 2644 1166 2729 Episcopus
1184 2656 1328 2709 eternam
1344 2644 1380 2709 in
1397 2644 1540 2709 Domino
1557 2645 1704 2721 salutem,

502 2745 616 2796 vestrae
646 2729 851 2795 universitati
878 2741 992 2795 notum
1019 2730 1154 2794 facimus
1180 2753 1250 2809 nos,
1280 2730 1322 2795 de
1351 2729 1483 2795 consilio
1512 2742 1546 2794 et
1573 2753 1702 2795 assensu

503 2816 650 2902 Capituli
670 2816 773 2882 nostri
795 2815 910 2896 Olone,
934 2816 1073 2894 dedisse,
1095 2814 1298 2895 concessisse,
1318 2827 1351 2881 et
1371 2816 1433 2880 hac
1453 2817 1596 2899 presenti
1618 2828 1704 2880 carta

501 2917 612 2969 nostra
634 2903 883 2981 confirmavisse,
903 2902 926 2967 J
927 2903 1048 2968 ohanni
1069 2902 1286 2967 Cornubionis
1307 2901 1330 2966 J
1331 2902 1450 2979 uniori,
1468 2914 1567 2965 totam
1586 2912 1703 2966 terram

501 3003 643 3056 nostram
659 2989 700 3054 de
716 2989 929 3068 Cloncourth,
949 3012 1009 3073 pro
1030 2989 1179 3075 homagio
1201 3001 1234 3053 et
1251 2988 1382 3053 servitio
1397 3010 1467 3063 suo,
1481 2987 1565 3051 sicut
1580 2985 1704 3051 Christ·

500 3075 594 3140 ianus
618 3074 856 3139 Assechaissich
878 3076 1064 3158 capellanus
1086 3076 1222 3138 eandem
1245 3086 1363 3138 terram
1391 3073 1518 3158 plenius
1540 3073 1704 3157 quondam

501 3160 607 3224 tenuit
622 3173 653 3223 et
668 3160 832 3242 possedit3
856 3162 1034 3225 tenendum
1048 3172 1082 3223 et
1095 3160 1281 3224 habendum
1296 3159 1369 3236 sibi,
1384 3171 1418 3222 et
1438 3158 1611 3223 heredibus
1626 3158 1703 3236 suis,

501 3246 542 3309 de
565 3243 658 3308 nobis
681 3254 714 3307 et
741 3244 978 3307 successoribus
1005 3244 1134 3318 nostris,
1159 3244 1274 3319 libere,
1296 3256 1330 3308 et
1359 3243 1480 3329 quiete,
1502 3243 1647 3327 plenarie
1671 3256 1704 3307 et

498 3330 637 3413 integre,
659 3328 743 3392 bene
765 3339 799 3391 et
820 3329 855 3391 in
876 3349 969 3411 pace,
986 3330 1063 3414 jure
1085 3327 1292 3407 hereditario,
1310 3329 1345 3393 in
1367 3330 1475 3405 bosco,
1492 3329 1527 3392 in
1545 3328 1655 3411 plano,
1668 3329 1703 3393 in

499 3416 600 3500 pratis
615 3426 648 3478 et
667 3415 819 3497 pasturiS,
840 3414 875 3476 in
895 3413 992 3475 moris
1012 3425 1045 3478 ct
1058 3414 1213 3489 mariscis,
1234 3414 1269 3476 in
1284 3414 1345 3477 viis
1360 3425 1393 3477 et
1407 3413 1540 3490 semitis,
1560 3414 1596 3476 in
1611 3413 1703 3499 aquis

499 3514 534 3568 et
555 3499 760 3577 molendinis,
782 3499 818 3564 in
836 3498 956 3584 stagnis
978 3511 1011 3563 et
1028 3498 1170 3574 vivariis,
1193 3500 1227 3561 in
1247 3498 1392 3581 piscariis
1413 3509 1447 3560 et
1464 3497 1647 3580 piscaturis,
1668 3501 1703 3564 in

498 3586 723 3664 forisfacturis,
747 3597 780 3651 et
801 3585 898 3649 etiam
920 3606 994 3648 cum
1020 3583 1170 3649 omnibus
1193 3583 1263 3647 aliis
1288 3581 1503 3660 libertatibus,
1531 3595 1565 3648 et
1590 3584 1702 3649 liberis

500 3672 788 3740 consuetudinibus
804 3672 846 3736 ad
858 3671 994 3736 liberam
1008 3682 1126 3735 terram
1139 3669 1368 3753 spectantibus.
1400 3667 1496 3733 Salva
1507 3668 1541 3732 in
1553 3670 1703 3734 omnibus

499 3760 593 3825 nobis
616 3771 649 3824 et
668 3758 905 3823 successoribus
925 3758 1044 3822 nostris
1065 3756 1167 3840 ipsius
1188 3768 1282 3820 terrae
1302 3755 1501 3819 decimarum
1519 3755 1703 3832 donatione,

500 3860 533 3912 et
555 3846 651 3909 salvis
672 3844 766 3909 nobis
789 3856 822 3909 et
843 3843 1080 3907 successoribus
1100 3842 1219 3906 nostris
1241 3842 1342 3925 ipsius
1364 3853 1459 3906 terrae
1480 3840 1609 3915 nativis,
1630 3842 1702 3905 red·

500 3932 607 3997 dendo
622 3930 698 3994 inde
714 3931 879 3995 annuatim
895 3929 988 3993 nobis
1000 3941 1033 3994 et
1044 3927 1279 3993 successoribus
1293 3927 1424 4006 nostris,
1434 3926 1522 3991 idem
1537 3925 1702 3989 lohannes

500 4030 532 4084 et
548 4016 686 4082 heredes
701 4016 763 4092 sui,
778 4038 876 4080 unam
891 4038 1029 4081 marcam
1045 4014 1173 4100 argenti
1187 4014 1228 4078 ad
1243 4013 1325 4078 duos
1340 4014 1418 4077 anni
1430 4012 1595 4086 terminos,
1609 4010 1701 4075 ridlt.

498 4103 704 4170 medietatem
719 4102 759 4164 ad
776 4101 943 4179 Pascham,
955 4112 989 4165 et
1004 4100 1098 4165 aliam
1114 4100 1319 4165 medietatem
1331 4098 1372 4163 ad
1385 4098 1502 4163 festum
1519 4096 1702 4172 Michaelis,

498 4214 559 4274 pro
581 4188 670 4255 omni
692 4186 835 4265 servitio,
858 4187 1040 4264 exactione,
1063 4199 1096 4251 et
1117 4185 1287 4263 demanda,
1309 4185 1350 4248 ad
1371 4207 1430 4248 nos
1453 4195 1486 4247 ct
1503 4204 1701 4246 successores

500 4287 627 4341 nostros
649 4272 876 4359 spectantibus⁸
924 4272 1023 4338 Istam
1046 4283 1154 4337 autem
1173 4270 1427 4355 prenominatam
1449 4280 1580 4343 terram,
1594 4290 1653 4331 nos
1669 4279 1703 4331 et
