3825 5059
810 466 857 539 39

271 652 358 720 Item
381 652 404 720 i.
427 650 644 741 messuagium
667 652 726 719 ubi
749 650 855 717 Elena
879 652 920 717 de
948 650 1066 717 Sancto
1091 650 1242 717 iohanne
1263 663 1383 733 manat,
1402 662 1438 719 et

224 739 365 891 vahiterii
370 762 397 892 i
410 824 629 927 messuagiurp
643 825 701 891 ubi
716 825 869 913 magister
886 825 1004 913 Lcwys
1021 835 1139 905 manet,
1154 834 1188 891 st
1201 824 1288 891 valet
1301 824 1370 892 iiis.

272 912 359 979 Item
372 913 408 977 in
423 912 589 992 turbonis,
603 913 650 978 ui.
665 912 790 998 placita.

271 998 358 1064 Item
366 998 389 1063 i.
402 1022 484 1065 mess
553 999 632 1079 'um,
643 998 702 1065 xii.
715 1022 803 1065 acras
817 1010 911 1065 terrae
923 998 959 1063 in
973 996 1107 1077 Irelranr
1120 1007 1154 1063 et
1168 998 1276 1063 omnia
1286 996 1349 1063 ista
1359 1007 1437 1065 sunt

224 1085 337 1151 saisita
353 1084 389 1149 in
403 1108 504 1151 mann
544 1084 654 1151 omini.

228 1232 234 1239 .
272 1170 416 1236 Nomina
425 1171 654 1239 Censoriorum
665 1170 751 1237 inira
763 1170 958 1259 burgagium
969 1172 1010 1236 de
1020 1169 1136 1251 Olone,
1144 1168 1180 1235 in
1189 1168 1271 1236 iasto
1280 1168 1437 1237 Omnium

224 1257 432 1337 Sanctorum,
447 1280 532 1325 anno
547 1258 683 1325 Domini
697 1258 868 1325 millesimo
884 1280 949 1325 ccc.
964 1258 1010 1326 xl.
1026 1258 1071 1324 vi.

271 1428 449 1497 Mauritius
465 1427 586 1507 codd„
601 1480 611 1499 .
624 1480 655 1500 ..

271 1515 294 1582 J
296 1516 439 1583 ohannes
457 1517 555 1603 Kyta,
570 1518 619 1583 iiii
626 1519 657 1584 d.

272 1602 385 1669 David
399 1602 546 1690 Shanyn,
561 1603 635 1671 iiid.

272 1688 383 1775 Philip
407 1712 446 1755 us
462 1689 581 1769 Faber,
595 1690 680 1757 iiiid.

831 1429 983 1497 Julianus
998 1430 1155 1506 Drcum„
1168 1479 1179 1499 .
1191 1478 1224 1500 .-

833 1517 945 1583 David
960 1517 1067 1604 Ohyc,
1081 1516 1168 1583 iiiid.

831 1604 975 1689 Crystok
990 1603 1094 1691 Bryd,
1109 1603 1195 1669 iiiid.

270 1712 666 1862 Elenaioymackanach,
680 1775 743 1842 iid.
832 1688 1399 1861 Piliiriiluhiiihcriririiiiim’md·

272 1860 442 1927 Galiridus
463 1861 696 1949 Oglassgaweh
708 1862 771 1929 iia.
832 1860 1002 1929 Galiridus
1018 1864 1157 1950 Faynot,
1171 1862 1235 1929 iid.

272 1947 449 2013 Mauritius
462 1947 667 2035 Laundrey„
682 1998 692 2020 .
705 1998 714 2019 .
727 1998 736 2019 .

271 2033 294 2098 J
295 2032 438 2099 ohannes
453 2033 564 2113 Barst,
578 2034 640 2101 iid.

233 2188 236 2193 ,
271 2118 441 2185 Mattheus
457 2120 593 2206 Cromp,
605 2121 692 2187 iiiid.

272 2205 415 2271 lacobus
431 2206 620 2293 Laundrey,
632 2207 699 2275 iiis.

271 2290 438 2358 lohannes
453 2292 517 2360 fitz.
534 2292 617 2360 Paul
618 2342 712 2373 .....

273 2378 367 2465 Tang
382 2378 495 2455 Oduff,
508 2378 570 2445 iia.

272 2463 294 2529 J
296 2464 437 2531 ohannes
452 2464 627 2553 Maguell„
642 2516 650 2535 .
665 2516 695 2537 ..

232 2613 237 2621 ,
273 2549 373 2637 Elyas
392 2552 555 2639 Omyhau,
569 2554 655 2619 xxd.

272 2636 369 2703 stk
383 2661 467 2704 uxor
483 2638 594 2740 Molps
608 2638 670 2705 iid.

271 2720 383 2790 David
403 2723 602 2811 0ifely,i1d.

832 1946 973 2015 Thomas
991 1948 1139 2035 Magneh
1153 1947 1215 2015 iid.

830 2034 917 2101 Text
935 2036 1049 2114 oduff,
1064 2035 1151 2101 iiiid.

831 2120 1002 2209 Comedyn
1018 2119 1162 2199 Teleler‚
1176 2119 1224 2185 iiii
1231 2122 1264 2187 d.

831 2205 865 2272 N
867 2207 1014 2275 icholaus
1029 2207 1203 2283 Macanan,
1216 2206 1304 2275 iiiid.

833 2293 1000 2361 lohannes
1022 2293 1160 2446 Myaph,
1174 2292 1261 2360 iiiid.

830 2380 1031 2447 Willielmus
1047 2381 1098 2467 Fy

830 2466 1011 2535 Nicholaus
1027 2468 1127 2553 Ofyn,
1141 2466 1228 2533 iiiid.

830 2554 993 2621 Hillsrius
1006 2554 1134 2641 Derby,
1147 2552 1212 2619 iio.

828 2640 934 2727 Flayn
950 2638 1184 2721 Mackenagh„
1198 2687 1208 2707 .
1222 2687 1253 2707 ..

833 2726 1012 2792 Mauritius
1027 2723 1180 2812 Ogriffc„
1195 2771 1250 2793 ...

834 2813 986 2877 Andreas
1001 2810 1030 2875 O
1106 2857 1131 2885 ‚.
1145 2858 1155 2877 .
1169 2856 1201 2875 ..

1122 2404 1170 2458 or,
1184 2378 1245 2446 iid.

271 2808 424 2875 Julianus
441 2810 580 2888 Nehel„
595 2858 604 2880 .
617 2858 649 2880 ..

269 2894 471 2960 Willielmus
488 2895 669 2975 Melbron„
684 2944 694 2964 .
707 2943 739 2964 ..

202 2999 206 3008 ’
270 2980 377 3066 Hugo
393 2978 500 3060 codd,
513 2979 601 3045 iiiid.

828 2895 1026 2964 Laurentius
1069 2893 1137 2959 odd
1152 2891 1262 2970 Broc„
1276 2940 1331 2962 ...

832 2980 1001 3047 Henricus
1016 2980 1220 3067 Steynemor,
1233 2977 1297 3043 iid.

270 3150 444 3237 Inquisitio
470 3162 565 3237 capta
590 3173 698 3217 coram
720 3150 851 3218 domino
878 3152 1029 3220 Johsnne
1051 3150 1217 3238 Episcopo
1240 3151 1356 3232 Clone,
1380 3148 1435 3217 dis

227 3238 321 3305 Jovis
349 3249 424 3323 post
450 3249 601 3304 octavum
623 3237 856 3323 Apostolorum
880 3240 972 3307 Petri
998 3250 1032 3305 et
1059 3237 1169 3318 Pauli,
1191 3262 1275 3305 anuo
1301 3236 1436 3305 Domini

226 3324 408 3403 millesimo,
426 3346 492 3391 ccc.
506 3324 577 3403 liii,
592 3324 686 3393 vidlt.
701 3346 761 3411 per
779 3325 1000 3415 subscriptos:

1005 3456 1129 3522 Lucam
1145 3455 1312 3531 Pounson‚

1004 3543 1164 3626 Makcray
1180 3542 1316 3617 Odrom,

1003 3628 1207 3712 Stephanum
1221 3622 1404 3701 Odonelan,

231 3456 236 3463 “
272 3452 461 3519 Eustacium
473 3452 514 3519 de
530 3452 648 3519 Sancto
662 3453 684 3519 J
686 3453 824 3535 ohanne,

273 3537 465 3625 Philippum
486 3539 677 3626 Macodrys,

272 3622 427 3690 Thomam
450 3624 676 3703 Maundevile,

236 3734 242 3743 ·
271 3708 454 3777 Henricum
468 3710 574 3777 filium
587 3712 759 3779 Willielmi
772 3713 879 3796 codd,
1003 3712 1183 3777 Ricardum
1200 3705 1385 3787 odonello,
1431 3710 1435 3722 '

272 3795 463 3881 Philippum
478 3797 520 3863 de
538 3798 684 3879 Karrsu,
1002 3794 1221 3861 Willielmum
1238 3791 1364 3873 Wolse,

269 3881 484 3949 Willielmum
504 3883 608 3950 filium
625 3883 771 3951 Eustacii
787 3884 915 3961 Water,
1003 3881 1196 3967 Philippum
1213 3879 1390 3969 Ocormyk.
1495 3946 1501 3955 ,

271 4010 340 4081 Qui
363 4011 465 4099 jurati
488 4034 587 4096 super
610 4022 843 4078 sacramentum
871 4033 968 4077 suum
995 4009 1110 4075 dicunt
1156 4008 1224 4074 uod
1249 4007 1529 4096 Episcopuscaoa

228 4094 344 4177 close,
369 4109 498 4163 tenetur
519 4097 639 4163 habere
661 4097 841 4163 custodiam
862 4110 956 4163 terrae
980 4094 1118 4161 Doridis
1167 4096 1234 4161 odd
1254 4117 1361 4180 nuper
1376 4094 1433 4159 de·

226 4182 332 4249 iuncti
347 4184 388 4249 de
409 4183 605 4271 Balyregan,
620 4182 859 4269 Balyinraghty
874 4195 907 4249 et
923 4180 1140 4268 Balylonhan‚
1157 4182 1281 4247 ratione
1298 4176 1433 4244 minoris

227 4270 320 4336 etatis
346 4270 407 4335 filii
431 4282 465 4335 et
489 4270 620 4335 heredis
641 4268 783 4354 predicti
803 4268 914 4335 David
935 4268 1052 4348 codd;
1076 4280 1109 4336 et
1131 4266 1297 4355 predictus
1321 4263 1433 4333 David

226 4356 425 4433 moriebatur
440 4354 566 4425 saisitus
584 4355 620 4423 in
637 4354 792 4442 predictis
807 4355 911 4423 terris.
