3825 5059
1089 470 1135 541 40

550 660 634 724 Item
646 658 761 723 dicunt
772 657 860 743 quod
875 666 1090 722 antecessores
1104 654 1245 722 Simonis
1258 657 1433 744 Omungan
1445 658 1581 725 fuerunt
1592 650 1729 725 feodati

507 758 540 811 et
554 746 654 811 seisiti
669 746 710 810 de
726 745 821 810 terris
835 743 870 809 iu
887 742 1045 829 Balyban,
1060 766 1119 827 per
1135 742 1334 828 Episcopum
1349 758 1383 809 et
1398 745 1588 829 Capitulum
1600 746 1729 821 close,

507 832 548 897 ad
563 832 738 897 terminum
752 842 883 896 centnm
899 853 1068 909 annorum,
1083 851 1142 913 per
1156 830 1191 895 ii.
1206 851 1329 895 marcas
1343 833 1470 917 argenti
1487 833 1678 909 annuatim,
1692 842 1729 896 et

506 930 678 1004 postquam
700 918 866 1004 predictus
888 916 1044 981 terminus
1067 927 1151 981 esset
1170 915 1292 995 finitus,
1310 918 1401 1003 quod
1422 930 1570 985 tenentes
1592 918 1728 985 dehent

505 1014 635 1091 portare
650 1004 693 1069 vi.
707 1026 829 1069 marcas
845 1003 1019 1068 annuatim.
1322 1080 1327 1087 ,

550 1090 635 1157 Item
651 1091 765 1157 dicunt
780 1090 871 1177 quod
887 1088 1062 1154 Mauritius
1076 1088 1189 1154 Roche
1204 1101 1334 1155 tenetur
1348 1102 1480 1175 portare
1492 1091 1580 1158 xiid.
1592 1112 1728 1157 annua·

505 1176 566 1244 tim
580 1200 640 1264 pro
653 1200 720 1243 una
734 1189 847 1263 stanga
864 1175 1053 1249 molendini,
1068 1188 1102 1240 et
1117 1174 1302 1261 Episcopus
1320 1187 1427 1262 potest
1444 1174 1643 1263 distringere
1659 1198 1726 1263 pro

506 1265 593 1332 dicto
608 1264 740 1330 redditu
755 1264 844 1348 apud
859 1262 918 1326 Bal
942 1261 1028 1347 leye,
1043 1262 1105 1326 hoc
1119 1262 1218 1327 estin
1235 1262 1329 1327 terris
1344 1264 1484 1348 predicti
1499 1264 1668 1330 Mauritii.
1721 1269 1724 1273 ’

550 1352 635 1417 Item
657 1351 771 1415 dicunt
795 1349 885 1436 quod
933 1348 1075 1412 ohannes
1097 1349 1190 1433 Bryd
1211 1348 1394 1433 Episcopus
1417 1362 1600 1437 antecessor
1620 1348 1723 1436 prius

506 1437 638 1504 intravit
652 1438 688 1503 in
712 1436 806 1502 terris
832 1434 1007 1520 Regiunldi
1032 1434 1161 1499 Russell
1181 1458 1279 1520 quam
1302 1436 1444 1501 Thomas
1466 1436 1619 1502 Russell:
1640 1434 1723 1502 ideo

506 1535 674 1590 remanent
690 1524 726 1588 in
744 1522 891 1587 custodis
910 1520 1067 1606 Episcopi
1082 1521 1208 1586 ratione
1228 1521 1362 1586 minoris
1380 1522 1473 1588 etatis
1489 1522 1623 1589 heredis
1641 1544 1723 1610 pre·

508 1610 587 1677 dicti
602 1610 652 1675 Re
676 1609 788 1674 insidi.

550 1696 638 1761 Item
653 1633 781 1761 gdicunt
810 1696 900 1782 quod
928 1692 1119 1759 Kannelath
1148 1704 1277 1781 portare
1306 1704 1437 1761 tenetur
1466 1694 1632 1781 Episcopo
1660 1716 1722 1760 xe.

507 1782 682 1848 annuatim.

551 1868 637 1934 Item
661 1867 775 1935 dicunt
798 1868 888 1955 quod
913 1867 1081 1934 Walterus
1104 1866 1282 1953 Laundrey
1304 1877 1394 1933 tenet
1416 1866 1450 1934 ii.
1472 1878 1660 1935 tenemento
1681 1866 1720 1931 in

507 1954 690 2023 Hiberniae
703 1954 782 2021 villa
797 1956 838 2020 de
853 1954 956 2021 Clone
972 1954 1092 2041 injuste
1107 1953 1148 2018 de
1164 1953 1309 2019 ecclesis

551 2042 637 2109 Item
649 2042 767 2129 Petrus
784 2042 898 2107 Power
913 2052 1004 2107 tenet
1018 2042 1053 2105 in
1068 2040 1215 2123 predicta
1228 2039 1307 2105 villa
1320 2038 1457 2106 similter
1470 2039 1603 2126 injuste.

550 2128 637 2195 Item
661 2128 828 2195 Mattheus
853 2128 894 2193 de
922 2126 1040 2192 Sancto
1068 2125 1218 2191 Iohanne
1244 2137 1336 2192 tenet
1361 2148 1465 2193 unum
1491 2138 1718 2193 tenementum

505 2214 637 2282 iu’uste.
1666 2246 1669 2251 ·

507 2237 637 2451 atlIoem
651 2299 765 2449 dicdunt
780 2300 869 2385 qnod
884 2311 971 2365 terra
986 2298 1029 2363 de
1039 2298 1152 2384 Bryen
1167 2310 1216 2364 est
1233 2310 1319 2365 terra
1329 2298 1462 2385 propria
1473 2295 1630 2385 Episcopi
1643 2298 1717 2365 siue

540 2385 547 2401 ⁸
573 2408 616 2451 ue
631 2407 690 2449 con
718 2385 826 2450 tione.

550 2408 635 2537 Item
657 2470 771 2537 dicunt
788 2470 879 2557 quod
898 2470 994 2536 Prior
1012 2469 1163 2547 Exoniae,
1178 2470 1299 2536 Rector
1315 2471 1356 2537 de
1374 2470 1564 2558 corkbegg,
1578 2470 1715 2549 Affadd,

507 2568 541 2625 et
563 2557 778 2659 Balygormer
798 2567 928 2623 tenetur
949 2556 1097 2623 invenire
1119 2557 1201 2622 duos
1224 2558 1408 2643 capellanos
1430 2569 1650 2643 competentes
1670 2558 1716 2624 ad

507 2644 759 2712 deserviendum
777 2643 919 2709 ecclesie
935 2642 1050 2709 Olone.

551 2731 637 2799 Item
660 2731 775 2797 dicunt
798 2731 887 2817 quod
911 2728 1096 2817 Balykyuel
1118 2730 1155 2795 in
1176 2730 1319 2795 dominio
1344 2729 1468 2795 domini
1490 2728 1646 2796 Nicholai
1669 2730 1713 2796 de

507 2818 638 2906 Ooursy
652 2818 751 2885 debet
761 2818 832 2884 itit.
846 2840 927 2883 ceree
941 2840 1001 2903 per
1016 2840 1138 2882 annum
1153 2817 1194 2883 de
1209 2816 1398 2904 placamine.
1431 2816 1594 2888 Dominus
1604 2829 1713 2883 tamen

507 2904 549 2971 de
565 2905 742 2992 Inchiquin
756 2905 942 2971 vendicavit
956 2904 1047 2990 quod
1059 2927 1118 2990 per
1133 2927 1247 2969 manus
1265 2927 1338 2969 sues
1356 2902 1455 2969 debet
1468 2902 1561 2968 solvi.

549 2992 637 3058 Item
649 2992 764 3058 dicunt
776 2992 866 3078 quod
878 3003 949 3057 orta
963 3014 1084 3078 guerra
1092 2992 1178 3055 inter
1186 2990 1357 3056 Walenses
1370 3002 1404 3055 et
1414 2988 1574 3066 cadmea,
1584 2988 1712 3075 Philip·

505 3098 569 3161 pus
582 3078 670 3142 filius
688 3078 710 3141 J
711 3078 846 3142 ohannis
861 3078 957 3143 Codd
974 3078 1089 3142 timore
1104 3076 1307 3142 Walensium
1324 3076 1412 3160 cepit
1428 3075 1540 3163 fugam
1557 3075 1599 3141 de
1614 3086 1715 3155 terra,

506 3172 541 3226 et
559 3160 706 3226 ieoffavit
722 3161 777 3227 vel
800 3162 887 3227 misit
904 3162 1013 3227 Adam
1035 3161 1182 3248 Botyller
1201 3163 1238 3227 in
1262 3162 1464 3248 possessione
1488 3174 1650 3229 terrarum
1670 3161 1713 3228 dc

506 3243 633 3329 Balyon
670 3269 680 3320 ;
701 3245 877 3331 habitaque
900 3248 1072 3311 concordis
1091 3250 1177 3312 inter
1195 3247 1298 3312 dictos
1313 3247 1482 3313 Walenses
1503 3259 1537 3314 et
1555 3247 1714 3333 Codans,

506 3329 612 3395 dictus
634 3268 809 3413 lhilippus
832 3351 981 3427 reversus
1001 3330 1066 3396 fuit
1084 3344 1118 3396 et
1139 3332 1275 3398 intravit
1296 3334 1528 3416 possessionem
1553 3333 1714 3399 dicturum

504 3428 678 3494 terrarum,
691 3425 724 3479 ct
738 3435 791 3478 eas
806 3412 939 3496 pacifice
954 3416 1062 3479 tenuit
1075 3440 1114 3480 us
1137 3438 1179 3480 ue
1195 3416 1238 3480 ad
1253 3429 1391 3482 mortem
1408 3440 1499 3482 snam
1514 3418 1584 3483 siue
1601 3420 1715 3485 condi·

504 3500 592 3567 tione
607 3499 690 3566 Adae
705 3498 760 3568 vel
777 3498 926 3579 aliorum,
941 3512 975 3564 et
989 3500 1095 3566 dictus
1113 3439 1288 3584 {hilippus
1306 3501 1503 3566 moriebatur
1520 3502 1651 3569 scisitus
1672 3506 1713 3571 de

506 3586 600 3655 dictis
615 3587 722 3667 terris,
736 3598 809 3673 post
823 3585 917 3674 cujus
936 3598 1075 3651 mortem
1091 3587 1196 3653 dictus
1211 3587 1319 3652 Adam
1333 3586 1467 3652 intravit
1481 3586 1582 3652 dictas
1596 3598 1713 3672 terras,

505 3686 539 3741 et
551 3674 660 3742 Adam
674 3686 781 3741 tenet:
804 3696 877 3775 quae
893 3684 986 3739 terrae
1001 3673 1123 3739 debent
1137 3672 1300 3757 pertinere
1313 3674 1355 3740 ad
1369 3672 1572 3761 Episcopum
1585 3676 1713 3743 ratione

504 3761 639 3829 minoris
655 3762 747 3829 etatis
761 3760 822 3827 filii
836 3772 868 3829 et
883 3760 1015 3827 heredis
1030 3759 1110 3826 dicti
1125 3759 1284 3847 Philippi.

550 3932 733 3999 Edwardus
749 3946 821 4013 etc,
834 3933 1028 4000 Vicecomiti
1044 3932 1146 4012 Cork,
1160 3932 1307 4014 salutem,
1323 3932 1526 4019 Precipimus
1542 3932 1604 3999 tibi
1621 3932 1712 4019 qnod

506 4020 578 4087 siue
595 4018 750 4085 dilatione
767 4019 888 4087 habere
905 4020 1004 4087 facins
1021 4020 1213 4086 Katerinam
1230 4020 1378 4087 Rundolf
1390 4020 1496 4086 visum
1513 4020 1556 4086 de
1572 4020 1617 4085 vi.
1628 4041 1710 4085 mes·

506 4104 627 4193 susgiis
650 4126 725 4170 cum
747 4107 952 4191 pertinentiis
972 4108 1008 4173 in
1024 4107 1056 4172 le
1075 4106 1289 4194 Iryshestrete
1304 4107 1403 4195 juxta
1425 4105 1541 4186 Clone,
1558 4117 1592 4172 et
1613 4105 1710 4171 etiam

506 4193 598 4281 quod
610 4191 731 4257 habere
745 4191 843 4257 facias
858 4192 1057 4260 Nicholsnm
1073 4193 1218 4261 Dexeter
1232 4194 1340 4259 visum
1354 4195 1396 4259 de
1407 4192 1429 4258 i.
1441 4191 1621 4279 messuagio
1635 4213 1711 4257 cum

505 4278 710 4365 pertinentiis
726 4278 762 4343 in
782 4278 897 4344 eadem
917 4280 1006 4359 villa,
1028 4292 1062 4346 et
1083 4282 1180 4347 etiam
1200 4280 1385 4346 Walterum
1407 4277 1584 4365 Lsundrey
1603 4278 1710 4343 risum

506 4364 548 4430 de
565 4364 599 4431 ii.
613 4364 801 4454 messusgiis
821 4365 988 4433 incudem
1006 4366 1173 4436 villacum
1190 4366 1406 4453 pertinentiis.
1450 4365 1598 4432 Beturns
1616 4362 1712 4431 istius
