3825 5059
1127 453 1151 523 2

322 654 522 721 Balylaunnce.
580 642 664 707 Item
686 652 776 707 tenet
798 662 895 705 unam
917 640 1012 705 aliam
1036 640 1178 706 villatam
1205 653 1299 706 terrae
1327 651 1472 706 vocatam
1494 640 1769 727 Balylaurance,

536 752 609 815 quae
640 729 783 793 continet
811 727 846 791 in
877 751 910 793 se
941 738 1081 813 quatuor
1111 740 1274 792 carucatas
1304 739 1410 806 terrae,
1438 740 1471 792 ct
1492 728 1581 815 jacct
1609 728 1766 792 insimul

529 816 628 904 juxta
646 816 825 893 Rowiston,
849 836 923 879 cum
947 815 1164 899 pertinentiis,
1179 838 1238 899 per
1261 814 1431 879 dimidium
1446 815 1534 879 feodi
1555 814 1667 879 militis
1679 840 1694 893 ;
1724 828 1767 879 et

534 914 625 1053 {eluet
643 926 704 987 per
727 901 858 1052 aaraitia
871 902 1014 987 homagii
1029 900 1176 979 feodalis,
1189 901 1367 966 communia
1382 913 1489 982 sectae,
1498 913 1532 967 et
1545 924 1605 986 per
1619 924 1765 966 annum

576 1011 613 1067 a,
630 1002 663 1054 ct
677 1011 743 1053 war
767 1012 803 1053 ae.

578 1076 758 1141 Mauricius
781 1074 892 1140 Roche
914 1074 955 1139 de
979 1073 1151 1160 Balyleny,
1175 1086 1265 1140 tenet
1286 1076 1327 1139 de
1357 1075 1488 1139 domino
1510 1097 1609 1138 unam
1627 1074 1761 1158 pound

534 1185 609 1227 cum
631 1187 730 1230 cursu
752 1185 844 1249 aquae
875 1172 908 1226 et
930 1184 1033 1225 unum
1054 1162 1278 1226 molendinum
1301 1162 1336 1226 in
1357 1161 1508 1262 Balyley,
1525 1161 1623 1247 juxta
1643 1160 1761 1245 Baly-

534 1272 647 1328 canan,
663 1274 721 1335 per
737 1248 905 1314 servitium
921 1260 1016 1312 secta²
1031 1248 1080 1311 bia
1104 1249 1145 1312 ad
1169 1247 1292 1313 curiam
1307 1249 1430 1312 domim
1452 1270 1511 1332 per
1527 1270 1660 1326 annum,
1677 1248 1756 1311 viz.

534 1338 671 1420 primam
708 1336 828 1401 curiam
860 1346 933 1418 post
963 1334 1082 1398 festum
1110 1334 1293 1413 Michaelis,
1329 1348 1362 1399 et
1391 1334 1486 1399 aliam
1514 1333 1637 1398 curiam
1665 1347 1757 1417 post

534 1422 685 1506 (festum)
700 1422 838 1507 paschae,
854 1432 887 1485 et
901 1442 961 1505 per
974 1420 1175 1500 fidelitatem,
1191 1433 1224 1485 ct
1238 1421 1407 1487 servitium
1424 1421 1519 1485 xvid.
1533 1443 1592 1504 per
1608 1442 1752 1485 annum.

577 1508 777 1573 Willielmus
791 1507 878 1572 filius
894 1507 1035 1572 Walteri
1053 1520 1142 1572 tenet
1156 1508 1190 1571 in
1213 1506 1342 1572 Shenlis
1365 1507 1445 1572 duas
1464 1520 1627 1571 carucatas
1645 1518 1753 1571 terrae

533 1617 609 1659 cum
637 1616 726 1659 mora
749 1606 861 1659 vocata
885 1593 1152 1680 Mointoraughc‚
1201 1618 1249 1660 uae
1273 1594 1386 1680 jacent
1407 1594 1506 1679 juxta
1530 1593 1681 1679 Kilbrcy,
1708 1606 1751 1657 et

532 1680 619 1745 viam
652 1703 724 1767 quae
750 1680 841 1746 ducit
871 1680 912 1745 de
934 1679 1038 1747 Olane
1064 1705 1175 1767 usque
1209 1681 1345 1756 lartere,
1365 1692 1399 1745 et
1420 1692 1469 1744 eat
1488 1681 1534 1744 xi.
1553 1702 1627 1763 pars
1651 1679 1749 1744 feodi

531 1766 662 1846 militis3
691 1780 724 1852 et
739 1779 829 1833 tenet
848 1790 907 1852 per
922 1769 1054 1834 servitia
1073 1768 1226 1854 homagii,
1241 1766 1416 1846 fidelitatis,
1438 1768 1616 1831 communis
1633 1778 1749 1845 eectae,

532 1866 566 1919 ct
584 1878 642 1939 per
658 1855 826 1920 servitium
842 1877 896 1918 xa.
913 1878 973 1939 per
992 1878 1123 1921 annum.

318 1962 440 2028 Corboly.
453 1961 519 2012 attus
574 1940 773 2006 Williclmus
799 1941 929 2007 Russell
954 1953 1045 2006 tenet
1065 1943 1106 2006 de
1131 1940 1261 2005 domino
1286 1939 1428 2024 Corboly
1453 1940 1584 2004 nomine
1608 1938 1744 2003 heredis

317 2026 506 2091 Balynmssell.
532 2026 666 2092 Thomae
692 2028 831 2101 Russell,
856 2050 929 2113 quae
948 2028 1037 2113 jacet
1055 2028 1154 2113 juxta
1178 2027 1311 2112 Slevyn,
1331 2039 1364 2092 et
1387 2027 1533 2091 continet
1554 2026 1590 2090 in
1613 2049 1648 2091 ae
1672 2039 1742 2091 tres

531 2126 693 2178 carucatas
719 2126 812 2179 terra
839 2137 912 2179 cum
941 2113 1158 2198 pertinentiis,
1185 2126 1219 2178 et
1245 2126 1334 2178 tenet
1363 2136 1423 2197 per
1439 2124 1587 2198 quartam
1613 2124 1742 2196 partem

531 2199 629 2263 unius
650 2200 738 2263 feodi
757 2200 881 2277 militis,
896 2212 928 2265 et
949 2199 1080 2265 servitia
1097 2200 1250 2284 homagii,
1269 2212 1303 2265 ct
1322 2200 1501 2265 communia
1519 2198 1742 2276 sectamura,

531 2298 564 2349 et
579 2286 707 2362 wardae,
723 2297 756 2350 et
774 2308 833 2369 per
848 2285 1016 2350 servitium
1032 2308 1091 2369 per
1107 2309 1228 2350 annum
1242 2310 1298 2353 xa.

316 2390 460 2457 Bolybane.
575 2371 775 2436 Willielmus
784 2372 870 2435 filius
879 2371 1020 2437 Walteri
1029 2384 1119 2437 tenet
1131 2372 1172 2437 de
1185 2373 1316 2438 domino
1328 2374 1369 2437 ad
1379 2373 1516 2451 firmam,
1526 2372 1567 2437 de
1579 2395 1741 2438 concensu

533 2458 660 2523 Decani
686 2470 718 2523 et
741 2457 898 2543 Capituli,
922 2458 965 2523 ad
980 2459 1165 2538 terminum,
1186 2483 1286 2525 unam
1307 2460 1452 2525 villatam
1474 2474 1569 2525 terrae
1591 2472 1740 2524 vocatam

532 2544 711 2631 Balybane,
724 2567 798 2611 cum
814 2545 964 2609 omnibns
977 2545 1166 2611 Hibernicia
1177 2572 1187 2626 3
1203 2560 1236 2612 et
1248 2547 1393 2612 continet
1404 2548 1437 2611 in
1450 2569 1484 2611 aa
1498 2560 1564 2611 tres
1577 2559 1744 2611 carucatas

531 2644 625 2698 terrae
659 2656 733 2697 cum
765 2632 978 2717 pertinentiis.
1033 2632 1215 2699 Reddendo
1246 2633 1377 2698 domino
1407 2656 1467 2717 ρετ
1502 2655 1623 2697 annum
1660 2633 1743 2696 duas

530 2742 652 2785 marcas
674 2743 779 2806 usque
795 2719 837 2785 ad
852 2720 1028 2785 terminum
1042 2743 1137 2784 snum
1152 2720 1361 2804 completum,
1384 2732 1417 2783 et
1433 2732 1508 2803 post
1525 2719 1698 2784 terminum
1713 2719 1743 2783 ai

531 2808 675 2873 tenuerit
690 2807 787 2873 debet
802 2807 940 2872 reddere
956 2808 1086 2872 domino
1101 2808 1168 2873 viii.
1185 2829 1307 2871 marcas
1322 2818 1355 2870 et
1370 2818 1488 2870 sectam
1503 2806 1610 2870 curia.

320 2919 506 2971 Balvmacbuo-
574 2894 595 2957 J
597 2894 740 2959 ohannes
752 2894 924 2959 McCodria
934 2907 968 2959 et
976 2894 1174 2959 Willielmus
1184 2893 1326 2977 Crompe
1337 2903 1450 2957 tenent
1464 2892 1505 2956 de
1519 2892 1650 2956 domino
1659 2890 1741 2956 duaa

348 2982 427 3049 gum.
531 2992 694 3043 carucatas
716 2992 810 3044 terrac
832 3002 906 3045 cum
928 2981 1132 3064 pertinentiis
1156 2981 1191 3045 in
1212 2978 1531 3063 Balymacbuoghan,
1546 3000 1619 3064 quaa
1629 2978 1743 3064 jacent

526 3062 624 3148 juxta
654 3064 862 3149 Balymolyn,
899 3078 931 3131 et
961 3068 1072 3131 villam
1099 3067 1232 3132 Thomae
1261 3066 1321 3130 filii
1351 3065 1484 3130 Ricardi
1507 3064 1654 3142 Walena,
1680 3087 1739 3149 per

531 3148 698 3213 servitium
720 3150 765 3213 ix.
781 3152 881 3234 parfia
897 3150 986 3215 feodi
1003 3152 1125 3227 militia,
1140 3164 1172 3217 ct
1193 3174 1252 3236 per
1273 3151 1416 3229 servitia,
1430 3153 1609 3216 communis
1633 3164 1741 3231 sectae,

531 3234 662 3313 warda,
677 3234 774 3299 homa
796 3235 831 3313 ii,
847 3247 879 3300 et
894 3258 953 3319 per·
969 3238 1137 3301 servitium
1150 3260 1228 3303 xxa.

315 3344 510 3412 mmmmm
577 3320 736 3385 Ricardus
766 3260 916 3386 filamont
938 3334 1029 3388 tenet
1057 3324 1098 3387 de
1128 3324 1257 3388 domino
1283 3323 1525 3407 Kilmackalyn,
1548 3324 1611 3389 viz.
1639 3335 1740 3389 totam

531 3407 643 3473 villam
659 3407 876 3472 continentem
897 3408 932 3472 in
952 3431 986 3473 aa
1006 3432 1104 3474 unam
1126 3423 1306 3475 carucatam
1322 3423 1417 3476 terra
1433 3434 1506 3475 cum
1522 3411 1740 3495 pertinentiis,

531 3518 591 3579 per
607 3494 777 3560 servitium
798 3494 924 3561 dimidii
942 3494 1030 3561 feodi
1044 3496 1168 3578 militis,
1184 3510 1216 3563 et
1234 3521 1293 3583 per
1312 3498 1444 3563 servitia
1467 3498 1619 3583 homagii,
1633 3497 1738 3561 fideli-

530 3583 617 3662 tatis,
640 3593 673 3648 et
694 3582 872 3647 communis
888 3595 982 3647 sectae
998 3584 1108 3663 curiae,
1123 3598 1155 3649 et
1170 3607 1230 3670 per
1245 3584 1413 3649 servitium
1427 3606 1506 3649 xxa.
1522 3607 1581 3668 per
1597 3607 1739 3661 annum;

530 3681 563 3734 ct
580 3670 661 3734 'acet
670 3670 769 3756 juxta
784 3670 961 3755 Agnudur,
976 3683 1009 3736 et
1018 3670 1117 3757 juxta
1133 3672 1310 3736 Ricardum
1324 3670 1447 3756 Cogan.

316 3760 508 3827 Balyngarrane
573 3694 669 3819 idem
708 3755 868 3821 Ricardus
898 3768 990 3822 tenet
1027 3758 1282 3843 Balyngarrane,
1312 3780 1385 3842 quae
1420 3769 1471 3822 eat
1505 3755 1598 3821 'uxta
1626 3756 1739 3822 villam

531 3840 665 3905 Ricardi
689 3840 803 3927 Cogan
828 3866 870 3907 ex
894 3855 986 3927 parte
1010 3843 1213 3922 occidentali,
1228 3855 1262 3908 et
1284 3843 1465 3908 manerium
1488 3780 1530 3907 de
1551 3842 1738 3929 Shangarry

530 3950 573 3993 ex
588 3938 679 4012 parte
695 3927 855 4006 orientali,
870 3941 903 3994 et
919 3929 1063 3995 continet
1079 3929 1114 3993 in
1134 3952 1169 3995 ae
1189 3952 1288 3994 unam
1302 3929 1413 3994 villam
1432 3928 1623 4007 edificatam,
1638 3952 1737 3995 unam

530 4026 712 4080 carucatam
726 4025 820 4079 terra
836 4038 910 4079 cum
934 4016 1150 4099 pertinentiis,
1164 4028 1197 4081 et
1215 4028 1306 4082 tenet
1322 4038 1382 4100 ρετ
1400 4015 1570 4081 servitium
1584 4038 1616 4080 x.
1634 4016 1738 4101 partia

529 4102 617 4167 seodi
644 4100 767 4181 militis,
793 4124 852 4185 per
880 4101 1079 4189 homagium,
1098 4102 1300 4181 fidelitatem,
1321 4124 1525 4167 communem
1546 4116 1678 4180 sectam,
1703 4114 1737 4168 et

529 4210 588 4273 per
611 4187 778 4253 servitium
802 4188 883 4253 xiid.

315 4282 461 4348 Balrontu·
573 4274 753 4363 Gregorius
769 4274 904 4340 Walens
919 4284 1009 4340 tenet
1023 4275 1064 4341 de
1085 4275 1216 4341 domino
1236 4275 1418 4361 Balyanyn,
1444 4298 1517 4361 quae
1535 4275 1625 4362 jacet
1639 4275 1737 4362 juxta

531 4361 701 4447 Moyasho,
725 4384 797 4447 quac
821 4362 953 4447 quidem
978 4363 1057 4427 villa
1081 4362 1226 4428 continet
1251 4361 1285 4425 in
1307 4384 1341 4427 aa
1365 4362 1433 4427 viii.
1456 4374 1618 4428 carucatas
1641 4376 1735 4428 terrae
