3825 5059
1099 374 1124 444 4

292 576 364 633 νᾳτυω
376 574 407 613 ατ
419 574 443 613 ut
456 570 495 612 Μ·
508 556 615 636 catab,
650 570 684 623 et
714 556 901 644 Kilgarlan,
930 542 991 645 ⁸per
1024 558 1155 625 servitia
1189 558 1342 646 homagii,
1375 558 1551 637 fidelitatis,
1585 561 1725 642 warde,

292 622 481 675 ‘mmm‘
508 644 686 711 communis
707 656 800 710 rectae
825 644 934 723 curiae,
956 645 1125 710 reddendo
1152 646 1282 711 domino
1305 669 1365 731 per
1389 670 1510 712 annum
1532 646 1587 713 iia.

292 740 439 807 Kilgarlan.
553 730 647 797 Idem
663 731 782 797 Petrus
796 742 887 797 tenet
906 732 947 797 de
964 732 1095 797 domiuo
1116 733 1289 819 Kilgarlan
1304 733 1413 821 juxta,
1429 756 1501 819 qum
1516 734 1660 799 continet
1681 735 1722 799 iu

508 842 543 884 ae
558 840 656 882 unam
678 830 858 883 carucatam
873 830 980 897 terrae,
995 830 1029 884 et
1041 818 1127 905 jacet
1141 842 1181 883 ex
1201 832 1339 905 utraque
1355 833 1447 904 parta
1462 820 1522 885 vire
1537 843 1610 906 quoe
1625 822 1723 886 ducit

509 906 550 971 dc
570 904 672 969 Cleua
687 928 801 970 versus
820 904 918 981 Rath,
936 918 970 971 et
990 905 1137 971 similiter
1152 906 1250 993 juxta
1265 906 1450 990 Kylmawe,
1465 929 1525 991 per
1547 907 1720 972 servitium

508 990 662 1077 homagii,
680 1004 713 1057 et
730 991 812 1057 xiiii.
834 1004 960 1076 partem
981 992 1071 1057 feodi
1087 992 1210 1072 militis,
1227 1006 1261 1059 et
1282 1015 1342 1078 per
1360 1015 1563 1058 communem
1584 1006 1721 1074 sectam,

508 1091 542 1144 et
557 1100 615 1162 per
629 1078 797 1145 servitium
812 1078 910 1143 unius
925 1100 1039 1143 marcae
1053 1101 1113 1163 per
1129 1103 1259 1145 annum.

293 1170 464 1237 Bal5longan.
552 1164 646 1231 Idem
662 1166 779 1231 Petrus
799 1177 890 1231 tenet
904 1164 1127 1251 Thurlemyne
1143 1166 1257 1247 (idest
1272 1164 1492 1251 Balylongan)
1508 1166 1549 1231 de
1572 1166 1719 1245 domino,

509 1275 581 1340 quoe
597 1251 740 1317 continet
754 1253 790 1316 in
805 1273 839 1316 ae
854 1275 952 1317 uuam
966 1264 1144 1318 carucatam
1159 1264 1264 1329 terrae,
1279 1264 1312 1317 et
1325 1252 1414 1338 jacet
1425 1252 1524 1338 juxta
1538 1252 1716 1336 Balydare,

508 1352 663 1423 exparte
684 1339 858 1423 aquilonis,
879 1351 912 1404 et
936 1339 1118 1425 Kilmahyn
1142 1362 1185 1405 ex
1206 1339 1269 1403 alia
1288 1353 1393 1422 parte,
1413 1361 1473 1422 per
1495 1339 1662 1404 servitium
1679 1362 1714 1402 1.

508 1426 609 1510 partis
638 1424 728 1489 feodi
756 1424 879 1502 militis,
909 1438 942 1490 et
966 1448 1025 1510 per
1052 1424 1252 1511 homagium,
1281 1424 1483 1505 fidelitatem,
1512 1448 1715 1490 communem

510 1524 641 1589 sectam,
656 1533 716 1595 per
733 1510 787 1577 iia.
804 1533 1012 1596 perannum,
1028 1512 1069 1577 ad
1084 1514 1239 1578 terminos
1257 1511 1396 1577 usuales.

294 1602 463 1655 Knokbraek.
554 1597 599 1663 Et
620 1596 765 1663 similiter
788 1599 876 1683 quod
899 1610 948 1665 est
968 1622 1036 1664 una
1058 1600 1250 1685 quarentina
1270 1612 1364 1664 terrae
1384 1610 1499 1662 vocata
1520 1597 1715 1675 Knokbrak,

505 1684 617 1772 jacens
640 1684 738 1771 juxta
765 1685 964 1771 Balycanan,
992 1709 1058 1772 qua
1078 1699 1224 1752 tenentes
1251 1686 1397 1772 ejusdem
1427 1684 1566 1749 reddere
1596 1684 1716 1748 debent

510 1771 641 1837 domino
668 1770 867 1858 homagium,
892 1772 1092 1850 fidelitatem,
1118 1785 1152 1838 et
1179 1794 1381 1837 communem
1409 1783 1528 1835 sectam
1554 1771 1663 1848 euriae,
1682 1783 1715 1834 et

510 1870 623 1925 tenent
637 1882 696 1943 per
712 1858 880 1924 servitium
895 1859 1045 1937 militare,
1057 1872 1090 1925 et
1102 1882 1162 1943 per
1174 1860 1342 1924 servitium
1356 1858 1451 1923 xvid.
1466 1880 1527 1943 per
1541 1880 1671 1921 annum

295 1946 411 2013 humi·
555 1945 692 2031 Leprosi
714 1946 755 2009 de
779 1946 881 2011 Clone
903 1956 1017 2011 tenent
1031 1947 1072 2010 de
1095 1947 1224 2010 domino
1240 1946 1262 2011 i.
1281 1968 1385 2010 acram
1405 1958 1498 2009 terrae
1516 1944 1575 2009 ubi
1592 1943 1716 2028 capella

512 2030 622 2097 Sancti
644 2031 816 2180 blichaglila
838 2044 898 2132 est,
920 2042 954 2097 et
974 2043 1088 2132 tenena
1108 2054 1169 2116 per
1189 2032 1359 2097 servitium
1376 2031 1442 2096 iid.
1457 2054 1516 2115 per
1536 2053 1669 2110 annum,
1683 2041 1716 2093 et

296 2210 487 2277 Balynschory·
511 2130 717 2269 pellberhihtiib
730 2117 1371 2290 filfi]liiiliiibacillialiialii}scetetillhbiiiaiZIe
1388 2203 1527 2269 Sawters
1542 2215 1655 2269 tenent
1675 2202 1715 2267 de

512 2288 642 2354 domino
673 2289 784 2355 villam
812 2302 845 2355 'et
872 2288 1067 2376 burgagium
1093 2313 1168 2355 cum
1194 2291 1397 2376 pertinentiis
1421 2290 1461 2355 de
1489 2290 1717 2375 Castrochory,

511 2376 626 2442 vidav
639 2387 802 2440 carucatas
816 2386 908 2441 terrae
920 2376 954 2440 in
966 2375 1125 2463 burgagio
1138 2398 1211 2442 cum
1224 2377 1440 2462 pertinentiis,
1448 2399 1508 2462 per
1519 2375 1716 2460 homagium,

510 2462 712 2540 fidelitatem,
726 2484 927 2527 communem
943 2474 1062 2528 sectam
1077 2464 1188 2541 ourioe,
1198 2478 1232 2527 et
1243 2488 1301 2548 per
1314 2464 1482 2529 servitium
1495 2462 1582 2528 feodi
1596 2462 1718 2538 militis,

512 2562 545 2615 et
569 2573 627 2634 per
648 2549 818 2616 servitium
838 2550 893 2615 iis.
915 2573 975 2636 per
996 2572 1136 2615 annum:
1160 2551 1249 2615 unde
1274 2550 1387 2616 dicunt
1414 2550 1441 2615 si
1466 2550 1582 2635 aliquis
1606 2570 1718 2613 eorum

512 2637 668 2718 discedat,
686 2648 719 2703 et
742 2636 836 2702 heres
861 2636 902 2702 sit
917 2635 1004 2703 infra
1023 2649 1152 2715 etatem,
1164 2636 1314 2702 dominus
1333 2635 1465 2702 habebit
1482 2635 1626 2721 proficua
1648 2657 1717 2699 cua-

511 2726 608 2790 todiae
624 2737 658 2791 et
671 2724 842 2811 maritagii.

299 2809 471 2876 Balymurtre.
557 2810 717 2877 Ricardus
748 2810 884 2898 Kerdyf
906 2821 997 2877 tanet
1024 2822 1124 2877 totam
1149 2810 1258 2876 villam
1289 2810 1343 2875 del
1370 2810 1495 2875 Martre
1523 2808 1565 2873 de
1589 2806 1718 2872 domino

512 2896 597 2961 siout
606 2898 694 2983 jacet
710 2898 745 2962 in
761 2898 932 2983 burgagio,
942 2899 1151 2985 quaequidem
1165 2898 1243 2963 villa
1255 2897 1291 2961 in
1306 2919 1339 2962 se
1352 2897 1495 2961 continet
1509 2895 1531 2960 i.
1542 2895 1674 2959 feodum
1686 2906 1719 2958 et

514 2996 663 3067 quartam
680 2996 803 3067 partem
821 2985 843 3050 i.
859 2984 946 3049 l'eodi
961 2984 1084 3063 militis,
1100 2996 1133 3049 et
1149 3007 1208 3068 per
1228 2984 1359 3049 servitia
1378 2982 1531 3067 homagii,
1545 2980 1717 3057 fidelitatis,

513 3067 644 3145 wardae,
670 3080 704 3131 et
727 3068 900 3153 maritagii,
921 3082 954 3133 et
975 3070 1154 3134 communis
1177 3084 1271 3135 sectae
1293 3069 1402 3147 curiae,
1423 3070 1473 3150 (ct
1487 3080 1621 3133 vocatur
1642 3066 1719 3131 villa

513 3152 660 3237 predicta
675 3152 800 3217 Martie
814 3154 1034 3238 Chalwallin,)
1045 3178 1104 3239 per
1116 3156 1284 3221 servitium
1300 3179 1351 3223 va.
1368 3157 1449 3223 viid.
1463 3177 1522 3240 per
1533 3177 1667 3234 anuum,
1678 3154 1718 3218 ad

513 3238 668 3305 terminos
683 3238 824 3305 usuales.

559 3325 718 3391 Ricardus
744 3325 867 3412 Whyte
892 3336 983 3391 tenet
1003 3326 1043 3391 de
1066 3326 1196 3392 domino
1218 3327 1409 3415 Kylgallan,
1424 3351 1497 3414 quae
1516 3327 1604 3413 jacet
1622 3327 1719 3413 juxta

514 3412 710 3499 burgagium
726 3412 767 3477 de
784 3413 899 3492 Clone‚
914 3436 956 3477 ex
975 3427 1066 3498 parte
1081 3415 1283 3496 occidentali,
1299 3428 1332 3480 et
1346 3414 1552 3501 Balymcloyc
1569 3436 1611 3478 ex
1630 3424 1718 3497 parte

515 3500 675 3577 orientali,
699 3513 733 3567 et
758 3522 817 3585 per
843 3500 1042 3586 homagium,
1066 3502 1267 3581 fidelitatem,
1294 3502 1447 3579 wardam,
1471 3524 1530 3586 per
1554 3501 1720 3565 servitium

515 3588 638 3666 militis,
653 3611 712 3673 per
730 3588 898 3653 servitium
920 3589 1098 3653 eommunis
1117 3604 1210 3654 sectae
1231 3589 1341 3669 curiae,
1356 3602 1390 3653 et
1405 3611 1463 3673 per
1484 3587 1653 3651 servitium
1667 3609 1719 3650 vr.

515 3696 575 3758 per
590 3698 722 3753 annum,
737 3676 777 3741 ad
793 3676 946 3741 terminos
962 3675 1100 3739 usuales.

560 3760 709 3824 Heredes
733 3773 992 3827 tentamentorum
1015 3774 1048 3825 et
1071 3760 1224 3825 villarum
1248 3762 1289 3827 de
1311 3760 1437 3845 Moyell
1453 3782 1528 3824 cum
1542 3758 1609 3823 suis
1623 3758 1720 3843 perti·

515 3845 646 3925 nentiis,
670 3868 743 3932 quae
767 3849 933 3915 continent
955 3848 991 3912 in
1015 3870 1048 3911 se
1076 3848 1121 3914 vi.
1148 3860 1272 3931 partem
1294 3847 1382 3912 leodi
1402 3846 1527 3925 militis,
1547 3857 1660 3910 teuent
1679 3844 1719 3908 de

517 3933 648 3998 domiuo
671 3955 731 4016 per
754 3933 953 4020 homagium,
975 3934 1175 4012 fidelitatem,
1196 3955 1397 3999 communem
1421 3945 1541 3998 sectam
1564 3932 1673 4009 curiae,
1687 3942 1720 3996 et

516 4020 615 4099 iiiid,
631 4033 663 4085 et
677 4018 765 4086 iiiilr'.
781 4043 862 4085 cerae
884 4044 943 4105 per
959 4043 1090 4085 aunum.

560 4107 671 4174 David
681 4107 767 4171 filius
785 4106 895 4171 David
912 4107 952 4171 dc
971 4106 1089 4192 Barry,
1111 4106 1260 4172 dominus
1283 4106 1324 4172 de
1349 4105 1502 4182 Olethan,
1522 4103 1719 4169 Willielmus

517 4194 668 4260 Caunton
691 4204 804 4259 tenent
828 4193 868 4258 dc
892 4192 1023 4258 domiuo
1046 4192 1169 4258 Affadd
1192 4206 1307 4270 totum,
1330 4215 1391 4277 per
1411 4192 1580 4258 servitium
1597 4191 1618 4257 i.
1634 4189 1721 4255 feodi

515 4281 638 4360 militis,
663 4293 695 4346 et
722 4303 780 4365 per
808 4302 930 4345 anuum
953 4280 1023 4360 iia,
1048 4280 1134 4345 iiiili.
1159 4301 1251 4358 cerae,
1275 4292 1308 4344 ot
1329 4301 1389 4364 per
1415 4278 1547 4345 servitia
1569 4278 1719 4364 homagii,

515 4366 691 4445 fidelitatis,
714 4367 893 4434 communis
914 4378 1008 4432 secta>
1031 4366 1138 4431 curioe.
