3825 5059
1056 436 1104 507 42

263 628 418 681 omn-oon.
522 620 704 685 Edwardus
725 633 785 687 etc.
822 621 1015 688 Vicecomiti
1029 622 1118 689 Oorh
1133 623 1288 691 salutem:
1312 625 1401 696 Quia
1414 626 1596 711 accepimus
1620 648 1685 710 per

478 708 721 795 inquisitionem
736 730 835 796 quam
852 731 911 793 per
929 720 961 774 te
978 708 1050 775 fieri
1064 709 1209 787 fecimus,
1250 712 1317 776 uod
1334 711 1512 777 manerium
1528 722 1562 776 et
1575 712 1681 777 domi·

478 795 569 860 nium
584 795 625 861 de
641 794 819 861 Castleoors
833 817 907 860 cum
946 794 1135 873 ertinentiis,
1150 818 1222 881 qua
1269 797 1377 862 homas
1392 798 1433 862 dc
1449 796 1591 874 Karrue,
1607 798 1680 882 qui,

477 892 610 966 propter
628 881 780 947 feloniam
800 904 898 967 quam
915 817 1041 961 dicerit,
1058 882 1225 947 convictus
1245 883 1310 948 fuit
1328 896 1367 948 ut
1385 883 1516 961 dicitur,
1533 884 1681 949 extiterit

477 967 511 1031 in
531 990 630 1032 manu
649 980 760 1034 nostra
777 990 836 1053 per
856 990 960 1031 nuum
980 989 1100 1031 annum
1120 980 1154 1031 et
1174 990 1277 1033 unum
1297 968 1403 1033 diem:
1426 982 1460 1033 et
1479 970 1568 1053 quod
1587 970 1678 1034 idem

477 1052 616 1119 Thomas
631 1054 810 1119 manerium
825 1063 859 1118 et
873 1052 1052 1117 dominium
1067 1052 1109 1117 de
1123 1054 1270 1138 predicto
1286 1054 1448 1138 Episcopo
1464 1054 1567 1119 Clone
1581 1066 1679 1120 tenu-

476 1140 555 1206 erit:
577 1151 610 1206 et
624 1140 715 1226 quod
727 1139 848 1226 Guydo
864 1138 905 1203 de
917 1137 1049 1203 Karrue
1064 1161 1185 1203 annum
1199 1152 1347 1206 nostrum
1358 1152 1392 1205 et
1402 1139 1489 1205 diem
1501 1152 1534 1219 et
1549 1155 1679 1206 vastum

474 1226 552 1291 inde
574 1225 738 1301 habuerit,
751 1238 784 1290 et
807 1224 900 1289 nobis
923 1225 1000 1288 inde
1020 1225 1217 1308 respondere
1238 1226 1336 1291 debet
1347 1250 1357 1301 ;
1383 1226 1459 1291 Tibi
1478 1226 1679 1311 precipimus

475 1313 566 1414 quod
590 1313 695 1377 eidem
719 1311 883 1395 Episcopo
908 1310 949 1374 de
973 1310 1119 1394 predicto
1143 1312 1285 1376 manerio
1308 1322 1341 1375 et
1364 1310 1517 1387 dominio,
1537 1312 1566 1376 si
1586 1334 1677 1377 occa·

474 1422 564 1464 stone
584 1397 711 1463 felonia
726 1396 894 1481 predicta,
912 1408 946 1461 et
963 1419 1029 1460 non
1043 1395 1106 1460 alia
1123 1396 1164 1460 de
1182 1413 1284 1461 causa'
1291 1396 1326 1462 in
1345 1419 1444 1462 manu
1459 1408 1570 1462 nostra
1581 1412 1677 1482 capta

474 1484 632 1562 extiterit,
659 1484 788 1565 plenam
814 1482 964 1546 saisinam
986 1481 1055 1546 sine
1082 1481 1236 1546 dilatione
1261 1483 1381 1547 habere
1406 1481 1555 1561 faciatis3
1584 1484 1676 1549 salvo

468 1571 544 1655 jure
563 1568 745 1654 cujuslibet
785 1568 882 1633 Teste
899 1564 952 1632 W.
966 1568 1007 1632 de
1021 1565 1067 1629 W
1091 1566 1226 1631 ndesore
1242 1568 1367 1632 Iocum
1381 1580 1529 1632 nostrum
1543 1580 1677 1634 tenente

472 1657 507 1719 in
523 1666 609 1720 terra
631 1666 742 1719 nostra
761 1652 943 1733 Hibernia,
964 1653 1053 1737 apud
1067 1590 1249 1738 iiylkenny
1264 1654 1321 1717 xii.
1338 1653 1392 1718 die
1410 1653 1570 1732 Januarii,
1588 1678 1676 1720 anno

472 1740 568 1827 regni
578 1739 682 1805 nostri
695 1740 824 1827 Angliae
838 1739 907 1807 xlv.
923 1739 1017 1825 regni
1032 1761 1109 1804 vcro
1124 1740 1228 1804 nostri
1242 1739 1387 1804 Francia
1402 1738 1507 1805 xxxii.

256 1910 458 1969 Brevsmcom·
515 1912 697 1979 Edwardus
718 1924 779 1979 eto.
808 1910 1002 1977 Vicecomiti
1021 1910 1123 1988 Oork,
1142 1911 1297 1977 salutem:
1325 1910 1411 1977 Cum
1429 1935 1536 1996 nuper
1555 1912 1674 1996 accipi-

255 1975 414 2040 pellandum.
470 2012 560 2065 entes
583 2022 643 2086 per
665 1998 908 2101 inquisitionem
931 2020 1031 2082 quam
1054 2020 1113 2081 per
1137 2010 1170 2063 te
1192 1996 1265 2062 fieri
1285 1997 1431 2072 fecimus,
1451 1998 1542 2082 quod
1563 2020 1674 2063 mane·

468 2088 554 2153 rium
579 2099 611 2153 et
635 2087 816 2151 domanium
836 2083 878 2148 de
902 2082 1082 2148 Castlecors
1104 2106 1179 2148 cum
1201 2083 1416 2168 pertinentiis,
1437 2106 1510 2167 qua
1532 2083 1673 2149 Thomas

468 2172 614 2252 Karrue,
634 2172 693 2257 qui
716 2182 850 2255 propter
873 2167 1026 2233 feloniam
1052 2191 1144 2233 suam
1170 2192 1268 2255 quam
1292 2169 1382 2249 fecit,
1406 2169 1573 2233 convictus
1596 2169 1673 2247 fuit,

468 2270 506 2323 ut
524 2259 656 2336 dicitur,
672 2257 825 2321 extiterat
847 2255 882 2319 in
906 2276 1006 2317 manu
1028 2267 1138 2319 nostra
1160 2278 1219 2341 per
1243 2277 1346 2319 unum
1367 2277 1488 2319 annum
1511 2268 1545 2319 et
1567 2278 1672 2320 unum

467 2343 566 2422 diem,
593 2354 626 2407 et
656 2342 745 2426 quod
769 2342 858 2406 idem
885 2338 1025 2403 Thomas
1052 2342 1233 2405 manerium
1259 2354 1293 2405 et
1319 2340 1498 2405 dominium
1524 2340 1673 2425 predicta

466 2429 573 2495 tenuit
593 2427 634 2493 de
657 2427 808 2492 Johanne
831 2423 995 2509 Episcopo
1020 2425 1136 2504 Clone,
1157 2439 1191 2493 et
1215 2426 1304 2511 quod
1329 2426 1451 2511 Guydo
1474 2426 1515 2491 de
1537 2426 1670 2491 Karrue

466 2537 588 2579 annum
614 2525 762 2578 nostrum
788 2523 821 2577 et
848 2510 935 2575 diem
959 2521 992 2574 et
1015 2522 1142 2576 vastum
1164 2509 1242 2577 inde
1266 2511 1392 2592 habuit,
1418 2523 1451 2578 et
1476 2511 1569 2576 nobis
1591 2513 1669 2577 inde

465 2600 663 2686 respondere
687 2598 803 2675 debet;
826 2596 902 2662 Tibi
925 2594 983 2659 xii.
1005 2596 1060 2661 die
1085 2596 1234 2662 Januarii
1256 2598 1406 2683 proximo
1430 2598 1585 2681 preterito
1608 2621 1670 2682 per

464 2687 564 2753 breve
591 2697 737 2752 nostrum
764 2682 970 2769 precepimus
999 2683 1089 2768 quod
1117 2684 1224 2749 eidem
1253 2684 1417 2768 Episcopo
1445 2684 1487 2747 de
1512 2683 1669 2768 predictis

464 2774 606 2840 manerio
628 2784 662 2839 et
682 2770 836 2848 dominio,
854 2769 882 2834 si
902 2769 1066 2835 occasione
1083 2768 1210 2834 felonia
1231 2770 1398 2854 predicta,
1415 2780 1448 2834 et
1467 2792 1534 2834 non
1548 2768 1611 2833 alia
1624 2770 1667 2834 de

464 2883 561 2927 causa
574 2860 609 2925 in
623 2881 722 2925 mann
737 2869 847 2922 nostra
861 2868 955 2941 capta
970 2854 1095 2935 fuisset,
1110 2856 1238 2940 plenam
1259 2854 1408 2921 seisinam
1428 2856 1498 2919 sine
1513 2854 1668 2919 dilatione

463 2944 584 3012 habere
613 2944 756 3020 feceris;
784 2942 871 3009 salvo
903 2942 973 3007 'ure
1002 2941 1315 3029 cujuslibet31icut
1345 2964 1404 3026 per
1433 2940 1667 3025 inspectionem

463 3033 644 3097 rotulorum
661 3029 855 3096 cancellarii
870 2966 1040 3094 hfibernia
1058 3028 1152 3093 nobis
1168 3040 1302 3105 constat,
1318 3050 1376 3110 per
1399 3027 1488 3113 quod
1510 3026 1570 3091 tibi
1590 3048 1668 3109 pre-

463 3117 609 3200 cepimus
639 3115 727 3198 quod
756 3115 922 3179 universos
949 3126 983 3178 et
1009 3113 1153 3199 singulos
1176 3112 1279 3179 libere
1303 3124 1463 3190 tenentes,
1487 3110 1667 3176 secundum

462 3198 568 3284 legem
582 3210 615 3262 et
628 3197 896 3262 consuetudinem
911 3209 1005 3262 terra
1020 3210 1136 3263 nostra
1152 3198 1322 3264 Hibernia
1337 3198 1473 3264 manerii
1486 3209 1520 3261 et
1531 3196 1666 3261 dominii

461 3284 683 3368 predictorum
696 3279 879 3362 compellas,
892 3282 982 3379 quod
997 3282 1102 3346 eidem
1115 3282 1278 3367 Episcopo
1289 3295 1444 3367 tanquam
1456 3282 1585 3347 domino
1598 3282 1666 3346 dic-

461 3382 567 3433 torum
579 3366 715 3429 manerii
730 3375 763 3427 et
777 3364 913 3427 dominis
929 3365 964 3426 in
980 3366 1128 3428 omnibus
1145 3389 1218 3449 qua
1233 3368 1275 3431 ad
1289 3367 1387 3452 hujus
1401 3368 1503 3431 libere
1517 3380 1665 3433 tenentes

460 3455 497 3518 in
517 3452 577 3517 hac
601 3460 694 3535 parte
714 3447 891 3533 pertinent,
912 3447 1032 3513 faciant
1052 3449 1093 3513 de
1113 3462 1258 3533 tempore
1277 3452 1312 3514 in
1330 3464 1469 3533 tempus,
1480 3452 1665 3534 intendant,

460 3551 494 3605 et
522 3536 750 3623 respondeant,
780 3532 933 3619 quociens
963 3543 996 3597 et
1025 3535 1155 3618 quando
1190 3535 1230 3600 ab
1263 3536 1377 3600 eodem
1407 3535 1571 3619 Episcopo
1601 3539 1664 3603 rite

459 3624 633 3692 habuerint
651 3622 686 3687 in
708 3619 877 3696 mandatis,
896 3630 929 3685 et
946 3632 1044 3703 prout
1063 3619 1133 3684 aliis
1154 3620 1291 3688 dominis
1314 3620 1449 3685 manerii
1472 3632 1506 3686 et
1527 3620 1664 3688 dominii

459 3711 718 3797 supradictorum
733 3718 806 3772 ante
824 3706 892 3771 hac
912 3718 1058 3789 tempora
1073 3706 1242 3771 intendere
1262 3719 1295 3772 et
1312 3707 1508 3791 respondere
1529 3728 1664 3772 consua-

459 3797 577 3863 verint.
621 3795 717 3860 Teste
743 3791 798 3860 W.
818 3792 1025 3878 Wyndesore
1047 3791 1172 3857 Locum
1192 3805 1339 3858 nostrum
1362 3803 1493 3858 tenente
1514 3792 1550 3857 iu
1575 3806 1664 3858 terra

457 3894 567 3947 nostra
582 3880 760 3944 Hibernia.
794 3879 897 3964 Apud
913 3877 1039 3942 Dublin
1055 3878 1190 3943 xiiidie
1206 3879 1336 3960 Marcii,
1350 3900 1435 3944 anno
1449 3878 1544 3965 regni
1557 3879 1661 3944 nostri

458 3966 587 4055 Angliae
608 3964 701 4042 xlvi,
724 3976 757 4030 et
778 3964 872 4051 regni
893 3964 996 4028 nostri
1018 3963 1162 4029 Francia
1184 3966 1302 4031 miii.

500 4135 662 4206 Dominus
685 4133 883 4199 willielmus
910 4136 952 4200 de
978 4135 1084 4221 Barry
1133 4158 1168 4201 er
1192 4137 1291 4202 breve
1313 4136 1376 4201 sibi
1399 4136 1558 4201 directum
1581 4133 1660 4198 fecit

455 4227 586 4292 domino
602 4220 766 4307 Episcopo
781 4219 968 4321 homagium
983 4222 1072 4305 apud
1088 4158 1191 4288 Cione
1207 4223 1261 4287 die
1278 4222 1395 4287 Martis
1417 4222 1564 4307 proximo
1584 4232 1659 4301 post
1707 4299 1713 4309 .

455 4314 573 4377 festum
589 4306 718 4373 Pascha
733 4327 816 4370 anno
830 4306 924 4383 xliii,
936 4317 969 4371 et
984 4308 1137 4392 cognovit
1150 4320 1262 4373 tenere
1277 4307 1318 4372 de
1333 4308 1463 4373 domino
1479 4304 1655 4371 dominium

456 4420 528 4462 cum
547 4394 718 4461 hundredo
737 4391 777 4456 de
796 4390 976 4456 Castlecors
995 4413 1052 4475 per
1071 4392 1201 4459 servitia
1218 4393 1272 4459 iis.
1287 4416 1346 4476 per
1365 4415 1496 4469 annum,
1510 4403 1544 4456 ct
1561 4402 1654 4455 secta
