3825 5059
780 450 827 526 37

190 639 274 707 inde
290 638 457 706 annuatim
471 637 552 705 mihi
566 639 852 706 etsuccessoribus
870 637 961 720 meis,
976 638 1038 726 ipsi
1054 640 1141 706 cives
1156 652 1189 707 et
1200 640 1407 708 seihereder

192 729 239 795 de
253 739 322 793 tote
337 739 435 806 terra,
455 748 528 812 quae
547 748 606 812 per
620 725 837 791 venerabilem
852 738 976 811 petrem
994 726 1104 793 David
1119 728 1283 813 quondam
1303 729 1407 795 Clone

192 814 412 900 Episcopum,
426 834 487 897 pro
509 834 543 877 se
566 824 600 878 et
614 812 680 879 suis
708 813 945 879 successoribus
973 813 1067 879 dictis
1092 814 1218 880 civibus
1240 826 1408 881 eteorum

195 899 374 971 heredibus
401 919 444 963 ex
471 910 563 983 perte
592 898 769 985 aquilonali
796 899 889 965 dicre
916 899 1054 964 civitatis
1081 900 1146 966 suit
1170 912 1354 968 mensurata
1374 915 1409 967 et

193 986 432 1080 perambulate,
446 985 577 1051 nomine
601 1008 716 1051 mercae
740 985 982 1086 sterlingorum,
996 986 1152 1052 solvendo
1167 988 1210 1052 sd
1229 987 1312 1052 duos
1331 988 1409 1053 anni

194 1072 365 1151 terminos,
373 1071 458 1137 vidlt
477 1071 519 1137 ad
533 1071 615 1137 festa
626 1071 758 1137 Paschoe
772 1084 805 1136 et
818 1072 1001 1148 Michaelis,
1015 1095 1073 1157 per
1088 1074 1220 1158 equales
1231 1073 1409 1157 portiones,

222 1183 260 1225 ro
275 1160 364 1223 omni
380 1158 524 1236 servitio,
539 1158 720 1236 exactione,
733 1158 887 1224 indebitis
901 1170 934 1224 et
949 1158 1119 1224 demanda.
1164 1158 1306 1244 Insuper
1321 1159 1409 1225 idern

234 1244 333 1321 eniel,
355 1268 417 1330 pro
443 1266 496 1309 me
523 1256 556 1309 et
578 1244 815 1309 successoribus
842 1244 934 1325 meis,
963 1246 1057 1311 dictis
1083 1245 1210 1311 civibus
1240 1257 1408 1310 eteorum

196 1330 376 1399 heredibus
389 1330 533 1397 concessi
543 1330 665 1395 hesism
676 1331 712 1396 in
724 1331 869 1396 turbario
882 1331 923 1397 de
938 1331 1042 1397 Clone
1055 1355 1096 1396 ex
1109 1343 1202 1417 perte
1213 1330 1358 1411 australi,
1367 1332 1409 1397 ad

196 1419 310 1506 ignem
329 1440 426 1483 suum
448 1428 482 1483 et
503 1418 673 1502 proprium
688 1417 797 1483 focum
812 1440 920 1497 suum,
935 1430 1095 1503 quantum
1112 1417 1158 1483 eis
1178 1417 1247 1483 sine
1267 1417 1408 1502 d'smpno

198 1503 343 1581 ecclesie
365 1501 510 1569 sufficere
533 1505 645 1591 possit,
667 1516 887 1589 competenter
909 1505 1004 1571 dictis
1033 1528 1112 1571 vero
1134 1504 1260 1570 civibus
1280 1526 1410 1570 necnon

198 1602 361 1658 eteorum
376 1590 562 1655 heredibus.
607 1588 652 1655 Et
667 1612 728 1675 ego
749 1601 782 1654 et
802 1612 1000 1656 successores
1019 1591 1084 1656 mei
1103 1591 1282 1657 seeundum
1301 1590 1409 1676 legem

199 1676 347 1745 Bristolii
360 1675 476 1753 melius
493 1675 649 1740 hactenus
662 1676 812 1741 usitatam
826 1676 881 1741 vel
891 1677 1045 1762 deinceps
1060 1677 1242 1743 usitandum
1258 1678 1410 1743 tractabi-

199 1786 274 1830 mus
292 1762 427 1828 honeste
438 1787 448 1840 ;
470 1772 503 1827 et
525 1761 603 1827 dicti
627 1761 713 1827 cives
734 1775 767 1827 et
788 1762 925 1827 heredes
946 1785 1058 1828 eorum
1078 1765 1258 1829 secundum
1272 1763 1409 1829 eandem

199 1850 309 1935 legem
322 1848 403 1913 mihi
418 1862 452 1913 et
466 1848 705 1913 successoribus
724 1848 802 1913 meis
821 1848 856 1912 in
871 1849 1021 1914 omnibus
1037 1850 1292 1935 respondebunt.
1330 1850 1409 1916 Pre-

200 1936 320 2002 dictam
336 1946 442 2000 autem
459 1934 702 1999 collocationem
717 1936 925 1999 antecessoris
943 1935 1007 2001 mei
1022 1949 1055 2002 et
1069 1959 1128 2020 per
1144 1959 1197 2001 me
1211 1936 1409 2016 innovatam,

200 2046 220 2088 e
245 2032 314 2087 oet
327 2042 526 2087 successores
539 2021 604 2085 mei
620 2021 714 2086 dictis
729 2020 855 2086 civibus
871 2033 904 2086 et
924 2044 1035 2086 eorum
1051 2023 1227 2087 heredibus
1241 2023 1409 2087 warantiz-

200 2046 329 2175 abimus
349 2108 433 2172 sicut
454 2107 631 2192 potuimus,
649 2120 682 2173 et
699 2106 925 2185 defendemus,
946 2107 1043 2174 salvis
1061 2122 1169 2174 tamen
1186 2107 1268 2174 mihi
1284 2119 1319 2174 et
1335 2132 1409 2174 suc·

200 2194 382 2260 cessoribus
397 2194 477 2259 meis
492 2194 643 2259 censeriis
656 2207 690 2258 et
703 2216 816 2259 eorum
832 2195 993 2274 censibus,
1007 2218 1090 2281 qnos
1104 2196 1139 2260 iu
1150 2195 1264 2260 eadem
1279 2194 1408 2260 civitate

200 2280 323 2349 morari
345 2280 535 2367 contingant
556 2280 591 2347 in
613 2279 773 2346 futurum.
819 2280 864 2347 Et
885 2294 923 2347 ut
944 2282 1014 2347 hsec
1030 2304 1103 2348 mea
1120 2282 1251 2347 donatio
1269 2293 1304 2347 et
1319 2294 1408 2348 carta

201 2366 417 2451 concessionis
445 2367 546 2434 robur
571 2366 719 2434 obtineat
746 2367 919 2448 firmitatis,
945 2369 1102 2455 seriptum
1128 2368 1192 2436 hoe
1219 2368 1320 2456 sigilli
1344 2369 1411 2435 mei

198 2453 383 2523 munimine
399 2454 482 2521 duxi
496 2454 727 2533 roborandum,
741 2455 804 2521 hiis
820 2454 955 2521 testibus
971 2468 1033 2523 ete.

212 2654 217 2664 ·
249 2628 375 2695 Datum
398 2650 459 2714 per
483 2627 607 2714 copiam
630 2627 787 2695 uniuersis
819 2628 1012 2696 Cdrrbtr'am'r
1037 2638 1095 2695 ete.
1141 2628 1256 2694 Frater
1282 2626 1411 2693 Alanus
1425 2650 1505 2701 cm
1514 2646 1617 2700 ow.

203 2714 410 2801 miseratione
433 2714 545 2779 divina
567 2712 751 2799 Episcopus
775 2714 890 2793 Clone,
914 2715 1052 2781 salutem
1073 2716 1108 2780 in
1129 2714 1273 2779 Domino
1295 2712 1413 2798 sempi·
1458 2728 1517 2779 8⁸¹¹·

203 2812 340 2869 ternam.
386 2800 528 2866 Noverit
542 2800 737 2866 universitas
759 2812 879 2879 vestra,
893 2824 964 2879 nos,
980 2802 1021 2867 de
1036 2822 1170 2865 assensu
1191 2813 1225 2864 et
1244 2798 1413 2865 voluntate
1426 2790 1554 2858 leybm.

205 2886 335 2954 Decsni
351 2898 386 2951 et
407 2885 552 2969 Capituli
573 2886 678 2949 nostri
694 2885 811 2964 Glone,
826 2886 965 2965 dedisse,
983 2886 1189 2961 concessisse,
1209 2895 1243 2949 et
1258 2885 1319 2949 hac
1340 2908 1415 2969 pre·

203 2973 292 3040 senti
314 2982 402 3035 carta
422 2982 532 3035 nostra
553 2970 754 3035 confirmasse
779 2970 986 3036 dilectissimo
1008 2970 1132 3036 Simoni
1147 2971 1333 3057 Omungsn,
1346 2970 1415 3038 filio

147 3054 155 3062 ’
204 3057 335 3127 Deesni
360 3055 477 3131 Glone,
501 3056 537 3121 in
561 3056 657 3121 feodo
684 3068 718 3121 et
742 3056 934 3137 hereditate,
958 3079 1059 3121 unam
1083 3056 1195 3122 villam
1220 3068 1315 3122 terre
1341 3080 1415 3145 que

204 3148 342 3213 vocatur
371 3140 533 3228 Balybsu,
559 3164 634 3207 cum
662 3141 811 3207 omnibus
837 3144 1041 3227 pertinentiis
1066 3143 1145 3221 suis,
1166 3142 1354 3211 habendum
1381 3156 1417 3211 et

206 3230 386 3299 tenendum
413 3229 454 3295 de
481 3229 575 3293 nobis
600 3240 634 3295 et
659 3230 896 3296 suecessoribus
923 3230 1053 3310 nostris,
1078 3230 1153 3309 sibi,
1180 3242 1215 3297 et
1239 3230 1415 3297 heredibus

208 3317 288 3398 suis,
305 3328 339 3383 et
355 3314 538 3403 assignatis,
553 3326 587 3381 et
603 3315 779 3381 heredibus
797 3318 1044 3403 assignatorum,
1061 3317 1178 3397 libere,
1193 3317 1315 3404 quiete,
1332 3320 1417 3385 inte·

208 3427 279 3493 gre,
293 3402 451 3489 plenarie,
466 3403 549 3468 bene
565 3414 599 3469 et
612 3402 646 3467 in
665 3425 756 3488 pace,
771 3426 847 3470 cum
865 3405 1014 3472 omnibus
1032 3405 1236 3472 libertatibus
1254 3417 1288 3470 et
1304 3405 1416 3471 liberis

209 3488 498 3557 consuetudinibus
516 3488 556 3554 ad
575 3490 709 3555 eundem
729 3501 847 3556 terram
866 3493 1100 3577 spectantibus,
1115 3515 1197 3579 quas
1214 3513 1274 3556 nos
1292 3504 1327 3557 et
1342 3514 1416 3557 sue·

210 3599 350 3643 cessores
372 3578 477 3642 nostri
499 3576 619 3641 donare
641 3576 798 3660 possimus
820 3578 875 3643 vel
899 3580 1119 3657 warantizare,
1145 3576 1241 3641 salvis
1267 3576 1361 3641 nobis
1382 3588 1417 3641 et

208 3662 445 3729 successoribus
466 3662 584 3728 nostris
615 3661 656 3726 de
685 3664 832 3748 predicto
860 3665 992 3730 Simone
1014 3676 1048 3729 et
1067 3661 1245 3726 heredibus
1266 3661 1333 3726 suis
1361 3661 1417 3727 vel

209 3748 377 3835 assignatis
398 3750 454 3814 vel
474 3748 650 3814 heredibus
673 3750 908 3836 assignatorum
928 3760 1016 3815 secta
1037 3748 1134 3812 eurise
1156 3756 1191 3809 et
1206 3746 1284 3831 jure
1306 3758 1416 3831 patro·

209 3847 306 3902 ustus
323 3846 358 3902 ct
377 3836 523 3922 ejusdem
540 3846 634 3901 terrae
654 3836 784 3916 nativis,
802 3836 970 3901 reddendo
992 3834 1069 3898 inde
1090 3833 1255 3897 annuatim
1271 3833 1364 3898 nobis
1382 3846 1416 3901 et

209 3920 448 3988 successoribus
463 3921 593 4001 nostris,
607 3922 678 4007 ipse
693 3934 726 3988 et
743 3922 881 3988 heredes
899 3921 951 3987 sui
967 3920 1023 3985 vel
1037 3918 1191 4004 assignati
1207 3919 1262 3984 vel
1277 3919 1415 3986 heredes

210 4004 449 4094 assignatorum
465 4009 545 4074 duas
566 4030 689 4073 marcas
712 4009 849 4093 argenti,
870 4005 1026 4073 solvendo
1048 4006 1091 4071 sd
1112 4005 1194 4070 duos
1214 4008 1291 4073 anni
1305 4006 1415 4073 terrui·

210 4091 389 4181 nos,·vidlt
404 4095 446 4161 ad
461 4094 620 4160 Pusehem
635 4106 669 4159 et
683 4094 891 4173 Michaelem,
903 4115 1009 4179 usque
1024 4091 1178 4157 adfinem
1193 4115 1221 4158 c.
1237 4114 1415 4171 annorum

211 4193 245 4250 et
265 4178 366 4246 finitis
384 4201 413 4247 e.
431 4180 534 4255 anuis,
556 4179 695 4245 reddere
716 4180 810 4244 nobis
832 4192 866 4245 et
887 4178 1125 4246 successoribus
1147 4178 1278 4257 nostris,
1293 4179 1364 4260 ipse
1382 4190 1416 4243 et

210 4266 348 4335 heredes
364 4267 416 4333 sui
430 4280 463 4333 et
477 4266 631 4354 assignati
644 4278 678 4333 et
692 4265 828 4332 heredes
844 4266 1079 4353 assignatorum
1094 4265 1139 4332 vi.
1150 4288 1273 4330 mareas
1289 4264 1416 4348 argenti

210 4376 271 4441 per
295 4374 417 4421 sunum
441 4354 483 4421 sd
506 4353 661 4421 terminos
685 4352 900 4438 supradictos,
917 4374 979 4440 pro
1003 4352 1091 4421 omni
1114 4350 1246 4418 servitio
1268 4348 1417 4431 seerdrri,
