3825 5059
802 432 850 503 53

208 638 283 701 qua
308 616 470 703 sequitur,
493 615 649 683 concessit
666 615 813 701 predicto
837 616 859 680 J
861 616 983 681 ordano
1002 617 1180 683 custodiam
1199 619 1343 684 omnium
1363 632 1427 685 ter·

206 724 344 779 rarum,
366 716 400 767 et
421 715 692 782 tenementorum,
715 724 751 766 ac
773 701 908 767 aliarum
930 703 1178 785 possessionum,
1198 705 1291 792 Elyae
1312 706 1373 771 filii
1394 719 1428 773 et

205 786 352 853 heredis
367 789 389 853 J
391 789 526 854 ohannis
541 790 562 854 J
564 790 679 853 uvenis
697 786 837 873 junioris
852 788 1020 853 existentis
1035 788 1120 853 infra
1137 801 1266 869 etatem,
1277 792 1313 856 in
1328 792 1428 857 Clon-

205 874 350 953 courth,
373 896 448 940 cum
470 876 613 940 dominio
635 874 780 939 omnium
803 884 1061 939 tenementorum
1082 898 1217 940 suorum
1236 877 1372 957 ibidem,
1392 878 1427 943 in

204 961 332 1037 curiis,
357 959 498 1044 placitis,
523 960 722 1045 perquisitis,
747 970 779 1024 et
805 959 955 1024 omnibus
981 960 1051 1024 aliis
1076 984 1150 1045 quae
1175 962 1218 1026 ad
1244 964 1427 1046 predictum

205 1044 402 1110 dominium
435 1047 613 1130 pertinent,
644 1044 789 1129 exceptis
819 1067 885 1109 una
913 1068 1039 1110 camera
1069 1069 1142 1131 quae
1171 1048 1335 1146 quondam
1364 1049 1429 1115 brit

208 1130 361 1195 Simonis
384 1132 535 1211 Juvenis,
554 1145 587 1197 et
609 1130 755 1197 custodia
775 1130 931 1205 carnium,
953 1143 987 1197 et
1008 1132 1139 1196 servitio
1164 1134 1326 1197 dictorum
1347 1134 1427 1199 duo-

205 1238 292 1281 rum
306 1229 568 1282 tenementorum
588 1216 822 1302 pertinentium
842 1217 997 1301 predictae
1017 1217 1116 1297 ville,
1131 1240 1205 1283 cum
1227 1218 1428 1285 husteboutb

206 1312 245 1365 et
263 1302 452 1388 haybouth,
467 1326 572 1388 usque
588 1304 629 1368 ad
643 1302 834 1389 legittimam
851 1314 968 1367 etatem
983 1303 1122 1386 predicti
1136 1303 1286 1382 heredis3
1304 1304 1425 1369 haben·

207 1387 299 1451 dum
322 1400 356 1453 et
380 1388 558 1454 tenendum
576 1390 754 1473 predictam
773 1389 954 1453 custodiam
971 1389 1077 1453 eidem
1095 1390 1239 1454 Jordauo
1259 1402 1297 1455 ut
1315 1413 1428 1473 supra·

207 1473 344 1537 dictum
375 1487 435 1552 est,
462 1497 566 1559 usque
594 1476 635 1539 ad
664 1474 857 1559 legittimam
887 1485 1005 1539 etatem
1034 1474 1113 1540 dicti
1141 1474 1284 1554 heredis,
1312 1475 1428 1553 libere,

208 1559 343 1643 quiete,
371 1560 466 1635 bene,
494 1576 526 1625 et
552 1560 587 1624 in
611 1582 703 1644 pace,
731 1581 805 1625 cum
833 1560 982 1627 omnibus
1012 1560 1228 1639 libertatibus,
1256 1574 1290 1626 et
1315 1561 1427 1627 liberis

207 1646 509 1710 consuetudinibus
524 1647 679 1730 predictae
698 1644 850 1710 custodiae
869 1646 1102 1729 spectantibus,
1120 1646 1265 1730 exceptis
1281 1647 1427 1731 predicta

209 1751 359 1810 camera,
384 1744 418 1795 et
445 1731 591 1797 custodia
618 1730 763 1796 carnium
788 1742 822 1796 et
847 1732 980 1795 servitio
1005 1733 1145 1796 duorum
1168 1745 1427 1799 tenementorum

208 1816 454 1897 pertinentium
469 1818 563 1882 dictae
583 1816 681 1897 villa,
697 1840 771 1881 cum
792 1816 992 1882 hustebouth
1010 1830 1043 1882 et
1063 1816 1243 1902 haybouth,
1257 1820 1425 1885 reddendo

208 1902 295 1965 inde
328 1904 493 1968 annuatim
520 1904 687 1988 predictus
720 1903 740 1967 J
744 1902 884 1967 ordanus
915 1903 1001 1967 dicto
1032 1904 1125 1988 Elyae
1155 1903 1279 1969 Juveni
1307 1906 1426 1971 seniori

209 2008 300 2051 xxx.
324 1989 443 2053 solidos
462 1990 600 2073 argenti,
623 1990 665 2053 ad
687 2000 826 2073 quatuor
849 1989 925 2053 anni
947 1988 1112 2066 terminos,
1132 1989 1224 2055 vidlt.
1245 1990 1287 2054 ad
1308 1991 1425 2056 festum

211 2071 455 2157 Apostolorum
470 2075 558 2139 Phili
583 2076 618 2159 pi
632 2087 666 2139 et
680 2075 700 2139 J
704 2074 807 2153 scobi,
825 2086 858 2139 et
878 2074 990 2139 Sancti
1011 2074 1102 2139 Petri
1123 2075 1212 2160 quod
1233 2076 1352 2140 dicitur
1369 2077 1426 2141 Ad

211 2157 375 2240 Vincula,
392 2160 546 2225 Omnium
560 2098 768 2239 bassorum,
786 2172 819 2224 et
837 2160 1074 2226 Purificationis
1093 2160 1195 2226 beatae
1216 2161 1330 2226 Marisa
1349 2162 1425 2227 Vir-

211 2244 316 2329 ginis,
331 2267 390 2329 per
412 2246 542 2330 equales
564 2246 741 2330 portiones,
757 2258 790 2310 et
803 2245 922 2331 viginti
938 2268 1112 2310 crannocos
1127 2245 1228 2325 bladi,
1242 2248 1336 2313 vidlt.
1352 2261 1424 2315 octo

212 2352 395 2395 crannocos
409 2330 576 2409 frumenti,
584 2332 672 2395 unde
684 2331 839 2397 medietas
849 2334 891 2396 sit
902 2331 1029 2407 siccata,
1038 2344 1111 2397 octo
1123 2355 1297 2400 crannocos
1309 2357 1424 2401 avena·

211 2438 303 2495 rum,
316 2427 380 2481 tres
396 2438 569 2483 crauuocos
583 2417 728 2494 batmcll‚
744 2429 777 2483 et
789 2441 891 2483 unum
908 2440 1104 2483 crannocum
1116 2419 1275 2498 fabarum,
1288 2433 1322 2485 et
1334 2422 1425 2507 quod

213 2500 319 2566 hestae
334 2514 366 2567 et
377 2502 458 2567 fabre
471 2516 548 2568 sunt
558 2502 698 2580 siccatae3
719 2504 874 2568 solvendo
889 2505 929 2569 ad
945 2506 1075 2569 eosdem
1087 2507 1241 2570 terminos
1253 2508 1424 2591 equalibus

213 2588 423 2670 portionibus
435 2590 476 2655 de
489 2590 635 2673 quolibet
646 2612 747 2675 grano
760 2590 983 2673 predictorum
994 2591 1175 2658 bladorum.
1200 2592 1245 2656 Et
1257 2592 1423 2676 predictus

216 2672 322 2759 Elyas
343 2674 428 2754 vult,
450 2687 483 2739 et
505 2698 564 2759 per
591 2686 758 2759 presentes
781 2676 939 2753 concedit,
962 2677 1099 2825 quodsi
1126 2678 1291 2760 contingat
1316 2677 1424 2759 ipsum

215 2754 387 2825 discedere
410 2773 582 2845 antequam
604 2761 771 2845 predictus
793 2761 888 2827 heres
911 2763 952 2827 ad

214 2846 315 2924 uerit,
339 2846 429 2931 quod
454 2860 576 2911 extunc
602 2848 768 2931 predictus
796 2847 960 2912 Jordauus
985 2847 1114 2930 quietus
1139 2848 1180 2910 sit
1207 2846 1248 2909 de
1275 2846 1423 2929 predicto

214 2931 353 2997 redditu
375 2933 502 3017 argenti
525 2946 558 2997 et
580 2933 681 3011 bladi,
705 2944 738 2998 et
761 2934 890 2997 omnino
915 2942 1121 3008 exoneratus,
1143 2931 1288 2995 custodia
1311 2954 1423 3015 supra·

215 3017 306 3081 dicta
336 3018 482 3083 durante.
540 3019 584 3083 Et
613 3019 779 3102 predictus
809 3018 831 3082 J
834 3018 974 3082 ordanus
1004 3016 1077 3080 vult
1106 3028 1139 3081 et
1167 3040 1227 3101 per
1256 3032 1423 3101 presentes

217 3104 380 3180 concedit,
401 3105 492 3189 quod
505 3105 672 3188 predictus
691 3104 790 3191 Elyas
811 3104 832 3168 J
835 3104 949 3168 uvenis
967 3102 1075 3167 senior
1090 3102 1124 3166 in
1141 3102 1328 3170 molendino
1343 3104 1423 3170 dicti

215 3187 282 3253 loci
297 3190 339 3254 sit
354 3189 449 3254 tolfre
465 3202 498 3254 at
512 3189 673 3256 stevenfre
689 3191 826 3255 durante
844 3188 990 3273 predicta
1005 3190 1160 3255 custodia.
1197 3188 1243 3254 Et
1256 3192 1422 3276 predictus

218 3274 308 3339 Elias
338 3276 475 3340 Juvenis
506 3277 612 3341 senior
635 3276 813 3359 predictam
840 3276 1017 3342 custodiam
1041 3277 1189 3361 predicto
1216 3275 1361 3343 Jordano
1387 3279 1423 3342 in

216 3359 322 3425 forma
337 3384 404 3446 qna
425 3362 574 3447 superius
597 3361 718 3426 dictum
742 3374 802 3441 est,
818 3373 927 3427 contra
944 3386 1055 3429 omnes
1073 3377 1186 3448 gentes
1204 3365 1424 3430 warantizabit

218 3459 252 3510 ct
267 3446 430 3512 defendet.
476 3447 517 3513 In
534 3447 626 3533 cujus
642 3447 690 3512 rei
705 3460 766 3513 etc.
812 3448 935 3514 Datum
950 3462 1011 3516 etc.

988 2761 1151 2846 egitimam
1172 2774 1289 2825 etatem
1309 2783 1424 2844 perve-

262 3618 456 3684 Uruvsrssrs
467 3616 590 3683 Christi
600 3618 750 3685 fidelibus
762 3633 928 3704 presentes
939 3622 1050 3685 literas
1062 3620 1255 3703 inspecturis
1266 3620 1319 3683 vel
1331 3619 1423 3684 audi·

217 3703 312 3782 turis,
336 3704 450 3770 Frater
469 3704 588 3769 Daniel
605 3706 808 3771 miseratione
827 3706 937 3771 divina
956 3706 1059 3770 Clone
1078 3706 1272 3787 Episcopus,
1287 3704 1422 3769 salutem

217 3790 253 3853 in
270 3790 423 3856 Domino.
469 3790 610 3855 Noverit
626 3792 819 3856 universitas
838 3804 945 3857 vestra
965 3813 1035 3869 nos,
1053 3791 1094 3854 dc
1115 3811 1245 3853 assensu
1260 3802 1293 3855 et
1306 3789 1423 3853 volun·

217 3887 284 3939 tate
301 3876 427 3941 Decani
442 3888 476 3941 et
491 3876 635 3961 Capituli
651 3878 767 3957 Olone,
783 3878 921 3953 dedisse,
936 3875 1140 3953 concessisse,
1155 3886 1188 3939 et
1205 3876 1265 3939 hac
1279 3877 1423 3961 presenti

219 3974 306 4025 carta
323 3974 434 4027 nostra
450 3962 665 4043 confirmasse,
684 3964 801 4030 dilecto
820 3963 937 4027 clerico
956 3973 1067 4028 nostro
1089 3960 1332 4027 Gillacomdach
1350 3962 1423 4027 Ma-

219 4047 382 4134 chicallig,
403 4070 502 4113 unam
524 4062 704 4114 carucatam
725 4061 819 4114 terrae
847 4071 922 4113 cum
945 4047 1150 4129 pertinentiis
1176 4048 1212 4113 in
1238 4059 1423 4113 tenemento

219 4134 260 4197 de
292 4132 509 4220 Coulleneuy,
538 4134 702 4212 videlicet,
729 4136 816 4199 illam
844 4157 942 4219 quam
968 4133 1169 4199 venerabiles
1195 4146 1301 4218 patres
1329 4134 1421 4196 bona*

217 4220 392 4300 memorie,
415 4220 525 4285 David
548 4232 581 4287 et
601 4220 727 4287 Alanus
754 4220 996 4306 predecessores
1017 4221 1119 4286 nostri
1140 4228 1365 4285 concesserunt
1389 4230 1423 4282 et

219 4305 493 4373 confirmaverunt
507 4306 625 4384 eidem,
640 4331 713 4393 quse
729 4320 778 4373 est
793 4328 834 4372 ex
849 4317 940 4391 parte
956 4306 1087 4371 australi
1104 4304 1259 4371 cemiterii
1275 4303 1423 4389 ejusdem
