3825 5059
787 469 810 539 9
923 420 930 441 .

197 650 556 741 ·1temdicuntquod
577 654 746 720 uariabant
769 652 911 731 domino,
934 674 1049 721 versus
1073 652 1162 721 cont
1174 665 1208 722 et
1222 677 1289 721 non
1303 655 1401 735 ultra,
1415 668 1492 723 eom.
1529 725 1533 731 ,
1620 724 1625 733 ,

154 750 201 804 et
236 740 400 807 similiter
427 742 547 807 debent
574 741 695 807 cariare
723 740 865 823 domino,
891 762 1006 809 versus
1030 739 1170 828 Yoghill
1193 754 1227 809 et
1250 741 1351 825 Corin,
1372 743 1532 827 ainana
1564 747 1569 754 '

158 825 344 913 (lominus
365 827 523 915 indigeat,
545 850 620 893 cum
642 826 848 893 victualibus.

177 988 182 993 ¹
217 911 322 978 Item
345 913 460 979 dicunt
482 914 572 1000 quod
596 914 717 981 debent
740 924 865 998 partem
887 912 1057 981 bladorum
1082 913 1204 981 domini
1224 914 1399 997 sarculare,

161 1010 207 1065 et
225 1000 352 1065 turbas
373 1000 497 1065 domini
520 1000 653 1081 uariare,
667 1012 701 1067 et
724 1012 854 1079 tassare,
868 999 976 1080 vidit,
992 1000 1097 1066 tu'rbis
1120 1022 1234 1067 eorum
1256 1004 1399 1091 propriis

163 1085 217 1150 (le
240 1086 497 1153 consuetudine.

222 1169 322 1238 Item
345 1173 460 1238 dicunt
483 1173 572 1260 quod
595 1172 627 1238 le
651 1172 776 1239 Martie
800 1184 930 1240 tenetur
946 1173 988 1240 de
1003 1171 1325 1260 domino'Episoopo,
1339 1198 1399 1262 per
1414 1187 1520 1242 Mune.

167 1258 326 1323 servitia
355 1259 497 1325 dimidie
528 1282 654 1337 marcae,
684 1272 717 1324 et
746 1272 852 1339 secte,
889 1274 923 1326 et
958 1282 1018 1345 per
1048 1260 1216 1326 servitium
1246 1260 1400 1346 homagii,

173 1345 359 1429 quondam
373 1345 545 1412 Willielmi
558 1346 681 1425 White,
693 1357 727 1411 et
739 1346 818 1413 obiit
832 1346 958 1413 seisitus
974 1347 1043 1411 sine
1056 1346 1188 1426 herede,
1199 1358 1233 1411 et
1244 1346 1401 1426 feoffavit,

174 1444 216 1495 et
232 1430 400 1497 Ricardus
413 1432 548 1521 Kerdyf
557 1431 692 1499 intravit
703 1432 882 1499 voluntarie
895 1455 994 1518 super
1005 1432 1191 1497 Mattheum
1201 1432 1328 1519 Whyte
1340 1456 1401 1520 per

174 1516 353 1583 talliarum
371 1518 503 1584 'unionis
514 1518 584 1595 filii,
599 1532 632 1584 et
647 1532 696 1585 est
710 1519 795 1585 infra
809 1532 939 1597 etatem,
951 1540 1011 1603 pro
1023 1517 1202 1585 Willielmo
1214 1518 1351 1606 Whyte,
1366 1532 1401 1587 et

176 1600 339 1669 feoffavit
389 1606 464 1671 avid
476 1606 613 1692 Whyte,
625 1607 681 1691 qui
694 1604 839 1671 seoffavit
851 1605 975 1671 dictum
985 1604 1201 1671 Willielmum
1215 1616 1249 1670 et
1263 1605 1400 1672 heredes

177 1688 364 1771 masculos,
377 1693 435 1777 qui
447 1692 528 1757 obiit
542 1692 610 1757 sine
624 1692 758 1771 herede,
767 1704 799 1757 et
812 1691 980 1758 Mattheus
995 1702 1045 1757 est
1056 1690 1150 1756 heres
1162 1705 1196 1757 et
1207 1693 1401 1771 avunculus,

181 1788 221 1841 et
239 1776 322 1842 obiit
336 1779 476 1858 seisitus,
491 1790 523 1844 et
536 1778 635 1844 habet
649 1778 671 1844 i.
685 1777 790 1843 filium
805 1778 981 1844 Thomamr
1010 1777 1097 1842 filius
1111 1777 1252 1844 Matthei
1266 1779 1400 1866 juvenis

181 1873 243 1927 est
257 1862 343 1929 infra
357 1878 485 1931 etatem.

235 1948 322 2015 Item
338 1950 452 2016 dicunt
466 1951 556 2038 quod
571 1948 740 2016 Galfridus
757 1948 868 2015 White
892 1950 1000 2016 tenuit
1023 1950 1064 2014 de
1088 1949 1220 2015 domino
1235 1950 1350 2037 Moyel
1366 1950 1510 2018 etM0501·

184 2034 526 2124 Tutmictyrhusthyn
549 2050 583 2103 et
604 2036 760 2123 Corboly‚
787 2059 860 2122 quae
885 2036 1067 2102 extendunt
1089 2036 1125 2102 in
1148 2048 1215 2102 toto
1239 2059 1271 2101 v.
1295 2037 1399 2103 feodis
1412 2048 1535 2118 eorboly.
1564 2084 1571 2093 -

72 2174 74 2179 .
183 2121 333 2187 militum
355 2123 392 2187 in
416 2135 483 2189 toto
512 2123 654 2188 dominio
681 2147 754 2189 cum
778 2122 996 2209 pertinentiis,
1018 2144 1078 2208 per
1104 2122 1237 2189 sertitia
1258 2122 1345 2190 iiiid.
1366 2136 1401 2191 et

184 2230 241 2272 1111
247 2208 301 2273 lit.
314 2230 416 2287 cerae3
435 2222 467 2275 et
482 2209 565 2275 obiit
581 2210 720 2290 seisitus,
733 2223 765 2276 et
779 2209 933 2295 proxime
948 2208 1086 2274 heredes
1097 2221 1174 2274 sunt
1184 2221 1249 2275 tres
1262 2232 1399 2287 sorores,

186 2316 333 2379 quarum
354 2318 453 2361 unam
473 2296 571 2362 habet
593 2296 767 2381 Philippus
789 2296 906 2382 Whyt,
930 2306 964 2361 et
987 2295 1082 2361 aliam
1105 2295 1204 2361 habet
1224 2295 1399 2383 Philippus

183 2379 353 2458 Hodinet,
365 2395 398 2448 et
409 2382 430 2448 J
432 2381 575 2449 ohannes
586 2382 672 2448 filius
682 2382 822 2449 Simonis
833 2382 931 2448 habet
944 2382 1083 2461 tertiam,
1095 2382 1172 2447 inde
1184 2382 1282 2448 habet
1294 2407 1399 2449 unum

181 2465 292 2567 fliium
318 2482 468 2536 vocatum
495 2470 654 2536 Thomam
678 2470 784 2536 filium
809 2469 830 2535 J
833 2468 970 2535 ohannis
993 2468 1053 2535 filii
1076 2468 1229 2548 Simonis,
1248 2469 1291 2535 de
1314 2483 1399 2536 etate

184 2574 233 2620 vl.
252 2576 421 2622 annornm.

232 2638 318 2707 Item
342 2642 456 2709 dieunt
474 2645 566 2731 quod
582 2641 779 2710 Willielmus
796 2642 884 2709 filius
905 2641 1018 2708 David
1038 2642 1146 2727 Barry
1161 2640 1284 2722 militis,
1300 2640 1399 2708 habet
1411 2656 1562 2709 curleoort

185 2727 313 2876 {uriam
334 2728 375 2794 de
398 2730 588 2808 Oastlecorf,
608 2741 642 2797 et
663 2730 803 2796 Thomas
826 2730 966 2795 Sawters
980 2728 1159 2806 redditum,
1178 2738 1211 2791 et
1228 2738 1342 2792 tenent
1356 2727 1398 2793 de

212 2813 333 2893 omino,
349 2826 443 2882 etcet.

232 2898 319 2964 Item
348 2899 462 2967 dicunt
492 2901 583 2986 quod
612 2901 634 2966 J
636 2901 777 2966 ohannes
806 2900 893 2966 filius
922 2897 1078 2964 Nicholai
1108 2896 1261 2962 Caunton
1290 2899 1398 2965 tenuit

188 2984 359 3071 Oorkbeg,
381 2998 414 3050 et
437 2987 519 3053 obiit
541 2986 680 3065 seisitus,
703 2997 737 3051 et
757 2985 956 3050 Willielmus
977 2983 1065 3048 filius
1086 2982 1223 3049 Jordani
1244 2983 1397 3051 Caunton
1410 2997 1538 3066 Cotkbeg.

186 3080 280 3136 tenet
299 3070 395 3136 modo
418 3072 542 3137 ratione
565 3072 656 3151 tallii,
672 3094 774 3157 quare
791 3070 936 3137 seoffavit
950 3092 1011 3156 per
1025 3081 1164 3155 patrem,
1178 3081 1290 3137 tenere
1306 3071 1397 3139 dese

186 3178 250 3243 per
264 3158 432 3223 servitium
448 3158 532 3225 xiid.
951 3170 954 3177 '

233 3242 319 3310 Item
347 3244 461 3311 dieunt
490 3246 579 3332 quod
610 3244 749 3311 Thomas
777 3242 901 3331 Whyte
931 3254 1022 3309 tenet
1049 3242 1090 3309 de
1120 3243 1256 3310 ecclesia
1285 3244 1397 3313 Sancti
1408 3263 1611 3317 'rothmumtris-

189 3328 352 3412 colmani,
366 3354 470 3397 unum
486 3331 547 3398 toit
562 3331 672 3411 tustel,
688 3331 909 3398 continentem
930 3330 978 3397 iii.
995 3330 1090 3397 feoda
1105 3330 1229 3411 militis,
1243 3346 1397 3400 vocatum
1408 3330 1487 3395 ὢν»

189 3416 521 3506 Tothmumtrisshyn‚
536 3420 571 3485 in
588 3419 701 3506 Moyel
715 3431 748 3484 et
763 3416 918 3501 Corboly.

233 3504 254 3570 J
257 3506 343 3571 urati
383 3508 419 3572 ui
442 3507 557 3572 dicunt
580 3506 670 3592 quod
691 3504 840 3570 dominus
864 3504 964 3570 habet
976 3503 1011 3568 in
1027 3503 1149 3570 Clenor
1164 3504 1186 3569 i.
1201 3506 1395 3587 manerium,
1408 3519 1513 3573 cleros.

188 3589 224 3655 in
240 3613 306 3676 quo
322 3528 485 3658 Rdhertus
500 3592 607 3659 Beket
625 3604 743 3671 manet,
759 3615 833 3657 enm
852 3612 933 3655 xxx.
946 3590 1041 3667 acris,
1054 3590 1100 3655 iii
1115 3590 1248 3675 stangis,
1261 3603 1294 3656 et
1306 3593 1396 3677 quod

188 3676 276 3742 idem
304 3677 467 3746 Robertus
497 3692 586 3747 tenet
616 3679 658 3744 ad
684 3678 859 3745 terminum
886 3699 945 3763 per
973 3676 1106 3741 servitia
1133 3674 1227 3753 xiia,
1248 3690 1281 3743 et
1301 3690 1396 3745 sectoe

189 3764 289 3828 curie
306 3764 346 3829 de
363 3765 542 3853 Kyllenon.

233 3849 395 3916 Dominus
410 3852 588 3939 Dionysius
603 3852 730 3939 Ogown
751 3862 842 3918 tenet
862 3850 903 3915 de
926 3846 1069 3925 domino,
1089 3846 1136 3913 lx.
1158 3870 1246 3913 aeras
1266 3847 1302 3915 in
1318 3849 1398 3918 villa

189 3934 231 4000 de
253 3933 385 4035 (Jienor,
407 3959 466 4022 per
490 3939 641 4009 servitia.
744 3988 753 4009 .
767 3951 861 4005 seotae
885 3936 983 4003 curiae
1006 3935 1047 4001 de
1075 3933 1256 4021 Kyllenon,
1279 3947 1314 4003 et
1336 3960 1397 4025 per

188 4034 357 4087 servittum
373 4045 427 4090 xa.
443 4046 503 4108 per
520 4046 651 4092 annum.

232 4107 343 4174 David
364 4109 476 4175 Roche
499 4122 589 4177 tenet
609 4111 731 4175 ibidem
752 4110 793 4175 de
818 4110 948 4175 domino
972 4129 1074 4172 unum
1096 4110 1397 4195 messuagium,xx.

189 4216 277 4261 acras
297 4207 392 4263 terrae
416 4196 451 4261 in
475 4197 589 4282 pratis,
613 4210 646 4263 et
669 4208 759 4262 tenet
780 4218 839 4281 per
860 4194 1029 4260 servitium
1054 4216 1110 4261 xa.
1125 4218 1186 4280 per
1207 4218 1341 4277 annum,
1364 4208 1399 4267 et

188 4278 285 4348 saciet
298 4280 334 4349 in
348 4283 497 4349 omnibus
512 4295 611 4369 prout
623 4283 729 4348 dictus
744 4283 894 4348 dominus
910 4280 1100 4367 Dionysius.

188 4368 317 4520 OlItem
340 4370 455 4439 dieunt
476 4370 567 4459 quod
590 4369 740 4439 dominus
762 4368 861 4437 habet
883 4367 1098 4435 communiam
1116 4368 1158 4435 de
1181 4378 1248 4435 tots
1261 4366 1341 4436 villa
1356 4370 1397 4437 de

231 4477 319 4523 t’nol'.
1093 4492 1115 4539 Β
