3825 5059
1095 462 1144 537 20

514 672 575 739 ρει
593 660 829 717 sacramentnm
849 670 956 730 suum,
970 651 1062 738 quod
1076 648 1273 718 Willielmus
1288 649 1395 719 Albus
1409 662 1501 719 tenet
1513 651 1550 717 in
1570 647 1765 736 burgagio

514 759 618 804 unum
637 748 872 819 tenementum,
880 737 980 824 juxta
993 751 1096 804 terrac
1111 738 1288 804 dominicae
1303 738 1437 819 domini,
1451 761 1495 803 ex
1509 749 1621 824 parte
1640 734 1767 802 orien-

515 823 585 900 tali,
599 845 674 889 cum
687 824 735 889 iii.
750 824 832 889 acris
847 838 942 890 tarrae
957 847 1018 909 per
1033 825 1201 890 servitium
1215 825 1290 892 xld.
1302 848 1362 912 per
1376 848 1508 891 annum.

558 908 735 997 Philippus
750 910 934 977 Malelaunt
948 922 1040 977 tenet
1053 910 1153 997 juxta
1170 932 1248 977 cnm
1267 935 1369 978 unum
1390 912 1566 998 cotagium,
1585 932 1667 997 ρει
1688 928 1767 973 aer·

515 996 633 1063 vitium
654 996 715 1063 iid.
739 1019 798 1083 per
820 1020 952 1064 annum.
1766 1030 1769 1033 ⁴

522 1105 525 1112 ¹
560 1080 725 1149 Rcbertua
747 1082 855 1150 Albus
877 1096 969 1151 tenet
985 1083 1083 1171 juxta
1104 1106 1180 1149 eum
1196 1083 1220 1151 i.
1239 1084 1471 1172 messuaginm,
1492 1106 1568 1150 cnm
1593 1083 1641 1149 ii.
1666 1079 1767 1147 acris

515 1179 611 1237 terra
650 1192 686 1237 er
701 1168 869 1237 servitium
883 1170 994 1237 xiiiia.
1007 1192 1068 1255 per
1082 1192 1214 1239 annum.

560 1192 741 1357 lliclclaua
754 1256 921 1323 Archerus
936 1269 1027 1323 tenet
1033 1256 1133 1343 juxta
1144 1279 1219 1323 eum
1234 1280 1332 1324 unam
1347 1257 1493 1344 placem
1506 1277 1677 1335 vacuam,
1689 1274 1764 1341 ρει

516 1355 684 1409 termnum
686 1392 864 1415 .........

543 1428 742 1531 .ῌίε1ιο]ιιιε
756 1428 923 1496 Archerue
937 1440 1029 1495 tenet
1041 1452 1140 1496 unam
1156 1429 1251 1495 aliam
1265 1429 1408 1517 placeam
1424 1452 1572 1508 vacuam,
1584 1450 1663 1515 per
1680 1448 1761 1493 aer·

518 1528 637 1584 uuum
638 1562 817 1587 .........

563 1600 785 1702 Cpmmunitaa
810 1601 898 1670 villa
925 1614 1039 1669 tenent
1063 1601 1173 1691 juxta,
1198 1624 1297 1669 unam
1321 1601 1468 1690 placeam
1493 1624 1654 1681 vacuam,
1685 1620 1759 1686 per

519 1698 688 1754 termnum
690 1736 870 1761 .........

563 1772 729 1841 lohannes
746 1774 853 1864 Barry
868 1786 959 1843 tenet
970 1776 1081 1863 juxta,
1093 1799 1191 1842 unam
1209 1775 1355 1861 placeam
1371 1798 1520 1855 vacuam,
1534 1796 1610 1841 cnm
1627 1770 1757 1840 crona

520 1858 700 1948 adjacente,
714 1886 775 1952 per
790 1862 958 1929 servitium
972 1864 1070 1929 iiild.
1085 1886 1145 1949 pet
1161 1885 1291 1929 annum.

523 2000 526 2007 ⁴
545 2033 554 2049 ⁹
562 1946 725 2101 ἓίοειιὶιιι
742 1950 832 2015 Rana
848 1961 940 2016 tenet
946 1950 1057 2037 juxta,
1064 1972 1165 2015 unam
1176 1950 1320 2036 placeam
1333 1971 1480 2026 vacuam,
1489 1969 1549 2035 per
1559 1944 1753 2014 servitium

520 2056 556 2102 ιι
586 2084 594 2100 .
653 2058 819 2104 nannum.

564 2056 731 2191 solemnes
762 2123 882 2190 Gower
911 2133 1002 2189 tenet
1030 2122 1138 2209 juxta,
1162 2144 1262 2188 unam
1291 2120 1447 2208 placeam,
1473 2142 1534 2206 per
1559 2119 1751 2188 servitium

521 2205 629 2273 xviid.
645 2230 851 2291 perannum.

566 2290 727 2361 Ricardus
748 2296 849 2381 Hyne
869 2304 960 2361 tenet
971 2293 1070 2381 juxta
1089 2294 1175 2360 viam
1194 2316 1267 2380 qum
1286 2292 1377 2361 ducit
1393 2316 1507 2361 verene
1525 2289 1702 2360 eccleciam
1720 2288 1746 2355 i.

522 2377 680 2466 placeam,
695 2404 754 2467 ρει
769 2380 938 2446 servitium
940 2428 1077 2451 .......

566 2463 734 2532 Walterus
753 2465 845 2552 Wyn
862 2477 952 2532 tenet
967 2466 1066 2553 juxta
1085 2489 1160 2533 eum
1174 2466 1198 2533 i.
1213 2466 1390 2553 cotagium,
1404 2489 1464 2553 per
1483 2464 1654 2534 servitium
1667 2462 1742 2531 iid-

548 2574 584 2619 er
602 2574 732 2619 annum.

523 2574 547 2641 P
567 2638 679 2707 Da'vid
693 2637 790 2729 Moyl
804 2649 894 2706 tenet
902 2636 1014 2726 juxta,
1026 2661 1131 2707 unum
1149 2639 1324 2727 comginm,
1336 2663 1397 2726 per
1414 2639 1585 2707 servitium
1596 2638 1660 2706 iia.
1672 2656 1744 2725 per

524 2748 656 2796 annum.

571 2812 792 2885 communitas
821 2812 908 2881 villae
938 2824 1053 2881 tenent
1076 2813 1185 2903 juxta,
1209 2812 1232 2881 i.
1259 2814 1405 2901 placeam
1431 2826 1539 2893 terra,
1568 2810 1743 2899 quondam

524 2900 706 2983 Albenath,
720 2926 779 2990 per
794 2902 964 2969 servitium
965 2952 1102 2975 .......

571 2988 738 3059 lohannes
754 2989 841 3056 filius
861 2988 999 3058 Roberti
1020 2989 1126 3079 Barry
1142 3001 1233 3057 tenet
1248 2990 1357 3077 juxta,
1373 2989 1396 3055 i.
1414 2986 1644 3073 memuagium,
1657 3004 1741 3050 cum

525 3074 584 3141 xii.
600 3078 681 3142 acria
698 3090 794 3144 terra
813 3078 980 3163 quondam
995 3077 1128 3144 Thomae
1144 3078 1248 3162 Wyn,
1263 3100 1322 3162 ρει
1342 3076 1510 3142 servitium
1526 3074 1582 3141 iis.
1597 3072 1657 3138 iid.
1672 3090 1739 3156 ρει·

526 3180 658 3225 annum.

570 3243 738 3310 Henricus
753 3244 872 3329 Eywae
888 3256 979 3311 tenet
990 3248 1100 3333 juxta,
1113 3246 1135 3313 i.
1151 3244 1381 3331 masana-glum,
1395 3269 1472 3312 cum
1483 3268 1515 3312 ι.
1530 3244 1612 3311 acris
1628 3254 1740 3321 terrae,

526 3351 587 3415 per
602 3328 770 3395 servitium
784 3328 832 3392 xii
838 3332 869 3394 d.
885 3350 945 3412 per
962 3353 1093 3395 annum.

529 3462 533 3470 ·
570 3413 721 3482 Andreas
742 3413 863 3499 Eywaa
880 3425 970 3478 tenet
985 3414 1095 3500 juxta,
1111 3415 1134 3481 i.
1153 3425 1385 3490 tenementum,
1402 3435 1462 3497 per
1480 3412 1653 3479 servitium
1671 3415 1737 3481 τά.

526 3522 587 3587 ρει
605 3520 737 3566 annum.

570 3586 738 3655 lohannes
755 3582 842 3652 filius
860 3582 1007 3672 Philippi
1029 3583 1096 3652 don
1113 3586 1220 3673 Barry
1239 3597 1329 3652 tenet
1341 3584 1451 3672 juxta,
1463 3582 1487 3650 i.
1501 3580 1736 3669 memuaglum,

528 3696 605 3742 cum
618 3674 652 3742 ii.
667 3674 750 3741 acris
764 3685 871 3754 terrae,
883 3694 942 3759 per
957 3671 1127 3740 servitium
1138 3672 1209 3740 vid.
1224 3694 1283 3758 ρει
1299 3694 1430 3738 annum.

572 3762 682 3828 Adam
697 3761 784 3828 filius
801 3759 971 3826 Laurentii
987 3760 1091 3847 Barry
1110 3773 1201 3827 tanet
1214 3760 1323 3848 juxta,
1336 3759 1359 3826 i.
1374 3755 1604 3844 memuagium,
1617 3766 1653 3822 et
1665 3754 1736 3823 viii.

529 3870 618 3916 acrae
632 3861 740 3929 terra,
754 3870 814 3934 ρει
829 3846 998 3913 servitium
1011 3846 1067 3913 iia.
1082 3849 1142 3914 xd.
1158 3870 1217 3932 per
1233 3869 1365 3914 annum.

573 3934 648 4000 Ena
668 3934 750 4021 Hyn
768 3946 858 4001 tenet
874 3933 984 4021 juxta,
998 3933 1021 4001 i.
1038 3934 1267 4022 messuagium,
1280 3933 1315 3999 ii.
1331 3956 1419 4001 acrae
1437 3944 1545 4012 terrm,
1558 3952 1618 4018 per
1635 3928 1736 3997 eervi-

529 4020 614 4092 tlnm
626 4020 699 4087 vid.
714 4042 774 4103 ρει
789 4042 920 4086 annum.

573 4106 682 4175 Adam
696 4103 814 4192 Walye
831 4117 922 4173 tenet
937 4105 1047 4194 juxta,
1060 4107 1083 4174 i.
1100 4105 1331 4196 mecsuagium,
1344 4107 1391 4177 iii.
1409 4119 1538 4196 stangan
1555 4116 1663 4181 terrm,
1676 4122 1736 4188 per

529 4192 699 4264 servitium
712 4191 787 4260 iiid.
799 4214 860 4293 per
875 4215 1007 4262 annum.
1590 4242 1594 4247 ι

573 4280 740 4350 lohannes
760 4276 848 4345 filma
870 4277 1010 4347 Rcberti
1031 4280 1139 4369 Barry
1160 4292 1262 4362 tenet,
1283 4281 1306 4348 i.
1328 4278 1558 4367 mesnagium,
1579 4298 1623 4342 ex
1667 4283 1736 4340 arte

529 4368 680 4438 orientali
699 4366 799 4446 ville,
819 4387 894 4434 cum
915 4364 963 4433 xl.
985 4365 1067 4434 acria
1088 4380 1195 4448 terra,
1216 4390 1275 4455 per
1297 4367 1466 4436 servitium
1487 4365 1555 4432 xia.
1576 4361 1627 4431 iiii
1654 4380 1737 4447 per

530 4476 662 4522 annum.
