3825 5059
763 474 811 545 45

162 656 360 722 heredibus
381 677 495 722 eorum
515 654 550 719 in
577 664 773 741 perpetuum
801 651 952 723 tenentur
975 658 1209 739 ementitus,
1239 669 1273 725 et
1299 660 1387 726 idem

164 742 374 821 Mauritius,
396 752 431 807 et
452 741 503 805 sni
524 740 674 819 heredes,
694 752 868 809 memorato
890 742 1067 829 Episcopo,
1088 755 1121 808 et
1149 744 1387 810 successoribus

163 828 250 906 suis,
271 840 313 893 et
333 827 475 893 ecclesiae
494 826 597 891 Clone
615 826 675 891 sub
691 826 803 891 eadem
821 828 924 893 forma
941 842 1094 913 exparte
1112 851 1171 893 sus
1188 834 1222 894 in
1240 830 1387 896 futurum

164 913 449 979 warantizabunt.
496 911 540 976 Et
558 911 720 977 adomnia
737 912 867 996 plenius
885 914 1086 979 observanda
1102 914 1206 999 sigilla
1222 917 1386 1000 pertinen·

164 997 213 1061 tia
229 1000 375 1084 utrique
390 996 475 1082 parti
491 996 700 1082 chirographi
714 1010 791 1064 sunt
809 1021 962 1083 appensa,
976 1000 1027 1065 his
1046 999 1181 1065 testibus
1196 1011 1257 1065 etc.

213 1168 419 1233 Novnrrur
439 1166 596 1246 universi,
616 1178 678 1233 eto.
696 1189 755 1232 nos
774 1168 806 1233 J.
827 1168 1028 1254 Episcopum
1046 1168 1150 1235 Olone
1171 1168 1295 1245 fecisse,
1313 1194 1388 1237 con·
1401 1191 1518 1257 sunago.

167 1252 338 1330 stituisse,
365 1266 398 1319 et
428 1253 591 1317 ordinasse
624 1252 780 1317 dilectum
814 1255 908 1319 nobis
941 1256 977 1319 in
1012 1255 1143 1320 Christo
1172 1254 1388 1322 Willielmum

167 1337 284 1403 filium
318 1338 457 1403 Walteri
492 1338 644 1421 Spernios
678 1337 834 1403 ballivum
863 1352 1009 1405 nostrum
1040 1352 1074 1405 et
1108 1352 1316 1419 attornetnm,
1347 1342 1389 1405 ad

167 1424 374 1505 ponendum
409 1422 591 1487 Iohannem
622 1422 654 1487 le
688 1423 826 1509 Strange
860 1425 895 1489 in
930 1426 1059 1509 plenem
1093 1425 1328 1509 possessionem
1355 1438 1389 1492 et

169 1508 334 1573 seisinam
351 1509 450 1573 unius
470 1508 583 1591 pleciae
600 1509 699 1593 juxta
721 1520 862 1573 castrum
884 1523 1032 1576 nostrum
1047 1510 1084 1574 in
1107 1510 1187 1575 villa
1209 1509 1389 1595 delClcne‚

169 1606 281 1675 prout
310 1598 345 1659 in
371 1594 511 1680 quedam
535 1593 629 1657 litera
652 1594 713 1658 sub
741 1593 847 1679 sigillo
875 1606 985 1660 nostro
1013 1606 1047 1660 et
1072 1595 1178 1681 sigillo
1204 1596 1329 1661 Decani
1355 1611 1389 1661 et

171 1678 331 1761 Capituli
353 1679 456 1744 nostri
479 1678 556 1742 inde
580 1678 725 1743 confecta
747 1680 876 1763 plenius
897 1680 1092 1757 continetur,
1107 1703 1182 1745 cum
1201 1703 1267 1745 une
1284 1682 1389 1765 plsciu

170 1762 209 1826 in
224 1786 325 1829 more
341 1763 491 1829 turbariae
509 1776 626 1828 nostrae
645 1764 686 1827 de
704 1763 819 1840 Clone‚
836 1778 933 1849 prout
954 1764 1084 1849 plenius
1105 1765 1141 1829 iu
1162 1767 1275 1830 eadem
1295 1767 1390 1831 litere

171 1850 370 1914 continetur
383 1874 392 1925 ;
415 1861 520 1914 retum
538 1862 572 1913 et
592 1860 721 1933 gratum
735 1848 908 1915 habituros
922 1850 1082 1935 quicquid
1098 1850 1186 1914 idem
1200 1850 1340 1916 ballivus
1356 1864 1390 1916 et

174 1944 364 1999 attornatus
388 1947 497 1999 noster
519 1934 555 1997 in
572 1934 735 2017 premissis
757 1946 791 1998 et
810 1936 896 1999 circs
917 1936 1075 2020 premissa
1095 1935 1249 2002 duxerint
1269 1936 1388 2000 facien-

175 2018 274 2086 dum.
321 2021 442 2085 Datum
460 2019 549 2103 apud
564 2017 667 2083 Clone
686 2018 739 2083 die
754 2020 904 2103 proximo
922 2031 998 2105 post
1014 2020 1133 2086 festum
1150 2020 1261 2085 Sancti
1275 2022 1389 2087 Jacobi

176 2102 339 2187 Apostoli
362 2126 447 2169 euno
472 2103 606 2168 Domini
631 2104 800 2169 millesimo
823 2126 887 2170 ccc.
911 2105 1031 2183 xlviii,
1055 2117 1088 2171 et
1110 2107 1206 2191 regni
1233 2106 1389 2172 Edwardi

176 2190 273 2255 tertii
288 2201 361 2274 post
376 2202 589 2274 conquestum
606 2188 737 2274 Anglioe
751 2189 858 2268 xxiii,
872 2202 905 2255 et
920 2190 1065 2256 Franciae
1081 2191 1149 2257 viii.

224 2357 427 2429 Incursmo
454 2370 548 2443 capte
574 2358 662 2442 opud
683 2358 715 2423 le
741 2359 867 2425 Martre
892 2359 946 2426 die
973 2360 1111 2427 Veneris
1135 2362 1285 2447 proximo
1312 2375 1389 2429 aute

177 2440 304 2510 festum
321 2445 432 2511 Sancti
453 2444 594 2509 Andreoe
615 2442 777 2529 Apostoli,
796 2467 881 2510 auno
899 2445 1034 2512 Domini
1051 2448 1220 2514 millesimo
1241 2448 1389 2526 cccliiii,

180 2548 244 2611 per
258 2530 492 2615 infrascriptos,

316 2646 514 2734 Gregorium
526 2645 673 2727 Walcns,
833 2648 1017 2715 Iohannem
1030 2650 1096 2717 fitz.
1113 2650 1274 2729 Nicholae,

315 2732 499 2798 Mattheum
514 2732 651 2809 Album,
832 2733 1012 2799 Geruldnm
1026 2735 1198 2813 staunton,

315 2818 427 2885 David
441 2817 495 2883 ‹lel
509 2816 646 2901 Chepel,
830 2818 1011 2884 Robcrtum
1026 2819 1164 2901 Chepel,

316 2904 493 2969 Ricardum
506 2901 673 2985 Crystore,
832 2903 1015 2968 Jordeuum
1029 2903 1192 2980 Caunton,

316 2988 510 3054 Mauritinm
526 2988 712 3073 Macodrys,
830 2987 852 3052 J
854 2986 1016 3053 ohannem
1030 2986 1193 3064 Oeunton,

316 3074 501 3139 Henricum
515 3073 644 3153 Power,
831 3070 1047 3137 Willielmum
1063 3071 1229 3158 Spernios,

316 3159 533 3224 Willielmum
551 3158 718 3244 Crystore,
833 3156 1098 3223 Bartholemenm
1111 3158 1275 3239 Arundel,

319 3244 369 3309 Ro
393 3266 485 3309 erum
501 3244 665 3321 Sereston,
837 3242 1001 3308 Simonem
1014 3242 1121 3325 codd,

318 3329 373 3393 W·
403 3330 533 3394 'elmum
548 3328 673 3414 Deyer,
833 3328 991 3395 Thomem
1008 3329 1132 3417 Anyss.

623 3413 800 3479 Ricardum
823 3414 958 3483 Madok.

232 3548 303 3620 Qui
315 3550 417 3636 jurati
435 3550 549 3615 dicunt
566 3570 625 3633 per
641 3560 874 3615 sacramentum
892 3573 1000 3631 suum,
1015 3554 1106 3637 quod
1123 3552 1275 3617 Castrum
1292 3551 1392 3615 chori
1405 3578 1525 3627 cm

187 3644 328 3701 tenetur·
342 3635 383 3701 de
408 3635 543 3700 ecclesia
566 3634 681 3712 Clone‚
705 3657 765 3718 per
790 3636 960 3701 servitium
982 3636 1039 3700 iis.
1063 3636 1210 3699 annualis
1233 3634 1390 3698 redditus.
1404 3639 1493 3691 chori.

190 3717 276 3786 Item
292 3720 406 3787 dicunt
421 3720 510 3806 quod
524 3718 603 3786 ville
618 3720 659 3783 de
680 3720 805 3784 Mertre
825 3732 955 3785 tenetur
976 3719 1151 3783 decadem
1172 3715 1318 3794 ecclesia,
1356 3740 1392 3783 er

189 3806 322 3872 servitis
336 3817 443 3885 sectae,
458 3817 492 3869 et
511 3806 577 3871 ris.
599 3816 633 3869 ct
654 3804 749 3869 viiid.
796 3804 882 3869 Item
897 3804 1010 3867 dicunt
1025 3801 1116 3886 quod
1135 3802 1249 3887 Moyel
1264 3814 1297 3866 et
1342 3814 1392 3867 ut-

189 3902 376 3976 umtryssyn
386 3901 539 3955 tenentur
548 3889 705 3967 similiter,
713 3911 773 3973 per
782 3889 913 3954 servitia
921 3899 1027 3967 secte,
1035 3902 1127 3952 etxs.
1137 3888 1289 3952 etuntt.
1299 3910 1391 3954 cerae.

189 3973 274 4041 Item
291 3975 404 4042 dicunt
419 3976 508 4061 quod
523 3974 718 4060 Oorkebegg
733 3984 862 4038 tenetur
877 3994 952 4037 cnm
965 3971 1126 4037 Accarum
1141 3992 1215 4036 cum
1227 3974 1391 4058 pertinen·

190 4060 255 4141 tiis,
271 4060 312 4126 de
328 4060 416 4126 dicta
431 4059 575 4126 ecclesia.
620 4060 706 4124 Item
730 4058 843 4123 dicunt
863 4056 953 4142 quod
973 4055 1127 4142 parochia
1144 4057 1185 4121 de
1201 4057 1391 4156 Inchebslry

189 4156 320 4212 tenetur
336 4147 378 4211 de
397 4145 513 4212 Castro
532 4144 643 4211 Obori.
689 4144 774 4207 Item
794 4143 909 4208 dicunt
928 4143 1019 4228 quod
1040 4141 1268 4228 Kyllclochur‚
1282 4140 1392 4227 Kylls·

189 4252 254 4297 nsu
324 4243 359 4297 et
372 4230 591 4318 Bulynshsrth
606 4239 759 4294 tenentur
780 4227 821 4292 de
842 4227 955 4293 Castro
974 4227 1085 4294 Chori.
1129 4228 1215 4293 Item
1230 4226 1392 4291 Gerenos·

189 4336 272 4397 mor,
313 4316 444 4403 slyogy,
457 4316 597 4403 Monym
611 4327 645 4381 et
659 4312 810 4399 Balyffyn
825 4325 978 4379 tenentur
993 4314 1034 4380 de
1046 4312 1160 4379 Castro
1173 4309 1282 4376 Obori.
1307 4308 1392 4375 Item
