3825 5059
1092 439 1141 513 36

550 627 640 694 'Item
656 626 770 694 dicunt
792 626 882 714 quod
904 636 972 693 tota
984 625 1065 693 villa
1085 625 1242 693 dividitur
1263 627 1380 694 intres
1395 625 1641 713 partea,prima
1657 632 1743 712 para

512 713 674 792 australis,
688 736 762 800 quae
777 714 875 780 estin
895 713 1046 779 manibus
1067 713 1205 779 Rcberti
1225 712 1353 793 Belred,
1368 726 1417 779 cst
1436 714 1740 799 impruiamentum

513 800 682 889 Episcopi,
700 812 733 867 et
756 799 900 867 continet
922 800 1088 865 dimidiam
1112 812 1295 865 carucatam
1318 814 1423 867 terre.
1462 800 1616 866 Secunda
1641 822 1741 887 pars,

513 890 556 953 eir
569 900 662 973 parts
677 886 871 953 occidentali
892 887 952 953 viae
974 908 1048 972 quae
1073 885 1166 952 ducit
1186 885 1364 965 Bouthom‚
1378 898 1428 953 cst
1449 886 1573 951 domini
1588 884 1742 953 Guionit

511 974 636 1061 Ygoun
647 984 682 1039 at
696 996 830 1040 suorum
844 973 1037 1039 tenentium.
1069 972 1182 1039 Tertia
1193 996 1267 1057 pars
1278 973 1427 1061 ejusdem
1441 972 1541 1051 villae,
1550 996 1626 1059 quae
1637 974 1742 1060 jacet

513 1084 557 1127 cx
577 1072 670 1146 parto
692 1060 843 1126 orientali
859 1059 954 1125 dictae
969 1059 1044 1140 viae,
1058 1071 1109 1126 est
1127 1060 1164 1125 in
1182 1059 1333 1125 manibus
1353 1058 1453 1125 Dank
1468 1058 1582 1125 Rochc
1597 1074 1633 1127 et
1655 1082 1741 1125 suo·

512 1170 599 1301 ffim,
610 1159 645 1213 et
658 1146 802 1214 conduct
813 1146 982 1211 dimidiam
996 1157 1177 1212 carucatam
1187 1157 1306 1226 terrae3
1322 1157 1358 1212 et
1369 1145 1527 1232 qualibet
1538 1169 1613 1232 pars
1626 1146 1740 1213 debet

556 1256 645 1301 mmo
659 1256 715 1301 xc.

521 1463 524 1471 .
557 1406 679 1509 hdhuc
699 1406 901 1473 munimenta
921 1404 1060 1471 manerii
1082 1406 1124 1471 de
1146 1404 1251 1473 OEons
1271 1406 1358 1472 infra
1375 1404 1474 1473 istum
1492 1404 1640 1476 rotulum
1657 1426 1735 1470 noa

513 1506 644 1581 scnpta.

498 1674 503 1683 '
558 1664 676 1731 Petrus
700 1665 818 1731 Ponet·
843 1664 921 1731 iecit
947 1664 1079 1732 domino
1103 1664 1267 1751 Episcopo
1292 1664 1397 1732 Clona
1419 1664 1610 1766 homagium
1633 1660 1735 1751 apud

515 1753 631 1830 Olone,
640 1752 693 1817 dic
706 1752 823 1818 Martis
835 1765 911 1818 ants
925 1752 1046 1819 festum
1061 1752 1250 1818 Natiuitatis
1262 1752 1372 1817 Sancti
1385 1751 1407 1816 J
1409 1752 1546 1816 ohannis
1555 1751 1737 1837 Baptistae,

515 1861 600 1905 anno
615 1837 747 1918 xxxix„
764 1850 798 1905 ct
818 1840 972 1925 cognovit
995 1862 1030 1904 sc
1053 1852 1165 1905 tenere
1189 1841 1230 1904 da
1253 1838 1397 1903 manerio
1421 1839 1462 1903 dc
1486 1838 1592 1904 Clone
1612 1860 1734 1903 omnes

515 1939 618 1993 terras
632 1938 667 1991 ct
680 1938 866 1991 tenementa
878 1926 984 1991 suain
997 1924 1140 2003 Imchill,
1153 1926 1300 2011 exceptis
1313 1925 1483 2010 Shangard
1497 1937 1531 1990 et
1546 1922 1578 1988 N
1581 1924 1683 2009 ynch.

521 2056 523 2059 -
561 2011 707 2085 Quodis
726 2012 908 2099 Gregorius
926 2011 1071 2092 Walens,
1095 2012 1262 2077 Johannes
1277 2012 1363 2077 filius
1379 2011 1489 2076 David
1502 2010 1587 2089 cod,
1610 2010 1733 2077 Simon

517 2100 602 2178 cod,
622 2098 821 2165 Willielmus
842 2099 995 2164 Caunton
1016 2121 1077 2183 pro
1099 2098 1266 2185 Corkbeg,
1279 2097 1477 2162 Willielmus
1492 2097 1649 2183 Crystore
1664 2118 1732 2183 pro

518 2185 643 2262 Insula,
655 2185 741 2251 Bald
818 2208 856 2250 us
873 2184 1044 2271 Hodynet,
1055 2197 1090 2250 ct
1103 2184 1244 2251 Thomas
1258 2186 1463 2267 Mountayne
1474 2184 1581 2249 fecere
1592 2185 1732 2250 domino

516 2272 702 2356 homagium
718 2284 752 2337 et
790 2270 965 2336 delitatem.

561 2356 723 2422 Ricardus
748 2357 898 2422 Clement
920 2356 999 2422 fecit
1021 2354 1153 2422 domino
1177 2356 1365 2459 homagium
1389 2357 1442 2422 die
1466 2355 1628 2423 dominico
1650 2368 1732 2423 aare

517 2442 636 2511 festum
650 2442 923 2508 Annunciaticnis
939 2442 1049 2507 Beata
1066 2444 1180 2509 Maria
1193 2444 1340 2531 Virginis
1354 2444 1391 2508 in
1405 2443 1539 2509 ecclesia
1553 2444 1595 2509 dc
1609 2442 1731 2524 Olane,

518 2552 626 2597 coram
639 2529 738 2595 Petro
753 2530 881 2606 Pcwer,
890 2542 924 2594 ct
938 2530 1093 2615 cognovit
1104 2554 1138 2596 se
1153 2543 1265 2596 tenere
1279 2531 1320 2597 dc
1334 2531 1467 2597 domino
1479 2531 1568 2596 etde
1581 2531 1730 2597 manerio

518 2619 561 2683 da
585 2616 689 2684 Clone
715 2613 927 2702 Kylmacayr,
943 2616 1002 2681 iiii.
1024 2631 1187 2683 carucatas
1209 2629 1316 2698 terrra,
1335 2640 1396 2703 per
1418 2617 1551 2683 servitia
1571 2616 1731 2706 homagii,

518 2702 694 2781 fidelitatis,
708 2716 743 2769 et
756 2714 851 2769 secta
866 2704 978 2780 curiae,
992 2715 1026 2769 et
1039 2726 1120 2771 xxa.
1131 2727 1191 2787 per
1206 2728 1338 2770 annum.

564 2791 649 2859 Item
670 2790 857 2879 Balyregan
877 2812 937 2876 per
957 2790 1046 2855 idem
1065 2791 1248 2869 servitium,
1261 2805 1295 2858 et
1309 2814 1370 2877 per
1390 2789 1560 2857 servitium
1572 2789 1654 2857 xiia.
1666 2810 1730 2877 per

520 2903 652 2946 annum.

467 3016 474 3032 .
564 2966 731 3033 Johannes
755 2964 886 3032 Russcll
914 2962 993 3032 fecit
1020 2965 1150 3032 domino
1180 2964 1369 3051 homagium
1394 2977 1430 3030 et
1455 2963 1647 3031 fidelitatem
1673 2963 1729 3030 dic

472 3093 479 3107 ·
521 3054 614 3120 Jovis
638 3052 787 3137 proximo
808 3064 883 3136 post
903 3051 1024 3118 scstum
1046 3053 1179 3119 Pascha
1199 3053 1233 3117 in
1250 3053 1341 3118 curia
1355 3053 1396 3116 de
1411 3052 1526 3131 Clone,
1541 3074 1627 3117 anno
1641 3051 1730 3136 regis

521 3139 678 3205 Edwardi
705 3138 794 3203 tertii
823 3149 898 3221 post
926 3153 1141 3225 conquestum
1171 3139 1217 3203 xl.
1246 3151 1280 3204 ct
1308 3138 1461 3225 cognovit
1487 3162 1522 3204 sc
1545 3150 1657 3203 tenere
1686 3137 1730 3202 dc

522 3222 653 3288 domino
681 3222 892 3299 Bernbrowe,
913 3224 1021 3302 vidlt,
1041 3225 1087 3289 iii.
1110 3237 1273 3309 carucatas
1294 3236 1389 3289 tcrrae
1416 3247 1491 3289 cum
1512 3222 1731 3309 pertinentiis,

520 3330 580 3458 pgr
602 3306 732 3371 servitia
753 3306 908 3392 homagii,
926 3307 1104 3388 fidelitatis,
1125 3322 1159 3374 ct
1180 3323 1275 3375 secta
1298 3310 1407 3387 curia,
1424 3322 1458 3375 et
1479 3333 1539 3395 per
1560 3310 1730 3377 servitium

520 3418 546 3467 n
563 3416 593 3459 c.
631 3414 666 3457 cr
686 3413 819 3456 annum.
921 3424 925 3431 ,

537 3510 542 3517 ·
566 3414 651 3545 Itepnr
666 3476 820 3561 cognovit
834 3500 868 3541 se
887 3488 997 3541 tcnerc
1017 3477 1058 3543 dc
1077 3479 1208 3544 domino
1223 3491 1257 3544 et
1274 3480 1315 3543 dc
1333 3477 1481 3557 ecclesia,
1496 3478 1655 3565 corboly,
1670 3504 1731 3568 per

522 3564 610 3633 idem
625 3563 805 3645 servitium,
819 3577 853 3630 ct
868 3585 927 3650 per
942 3564 1110 3630 servitium
1125 3588 1180 3631 xo.
1195 3588 1254 3650 pcr
1269 3588 1400 3631 aunum.

566 3741 696 3808 Sourta
710 3751 876 3826 presentes
894 3750 927 3804 ct
941 3736 1044 3804 saturi
1061 3738 1152 3825 quod
1171 3761 1233 3825 ego
1254 3738 1354 3804 frater
1371 3736 1504 3819 Daniel,
1522 3735 1731 3807 miseratione

523 3828 636 3895 divina
665 3828 768 3893 Oloua
796 3827 990 3912 Episcopus,
1017 3826 1106 3904 dedi,
1134 3826 1289 3903 concessi,
1319 3836 1353 3891 ct
1379 3824 1439 3891 hac
1468 3824 1612 3911 presenti
1641 3840 1731 3893 carta

524 3914 711 3980 confirmari
740 3912 865 3979 civibus
899 3913 978 3977 meis
1013 3913 1054 3978 dc
1085 3913 1201 3992 Clonc,
1233 3913 1456 4000 cujuscunque
1484 3911 1624 3977 nationis
1653 3913 1730 3992 sint,

524 4000 720 4086 burgagium
736 4000 825 4085 quod
848 4013 962 4065 tenent
976 3999 1018 4064 de
1033 4022 1086 4065 me
1101 4012 1135 4065 et
1154 4002 1195 4065 de
1211 4001 1449 4066 successoribus
1470 4000 1549 4064 meis
1566 3999 1602 4063 in
1616 4000 1730 4064 eadem

524 4088 666 4164 cititatc,
681 4103 752 4150 octo
768 4109 856 4151 acras
871 4086 912 4151 ad
933 4086 1079 4171 singulos
1094 4099 1287 4172 spectantes,
1300 4086 1480 4152 tenendum
1494 4097 1529 4151 et
1544 4084 1731 4150 habendum

525 4176 566 4241 de
581 4196 634 4240 me
649 4185 682 4239 et
696 4173 935 4237 successoribus
954 4173 1045 4253 meis,
1059 4173 1123 4239 sibi
1139 4187 1173 4240 ct
1191 4174 1366 4239 heredibus
1386 4174 1465 4253 suis,
1478 4172 1593 4250 libere,
1606 4170 1730 4257 quiete,

524 4261 664 4349 integre,
680 4258 837 4345 plenarie,
849 4256 1039 4339 honorifice,
1050 4260 1196 4346 pacifice,
1210 4261 1246 4326 in
1261 4260 1370 4339 bosco,
1382 4260 1495 4361 plano,
1508 4258 1583 4336 viis,
1596 4256 1633 4323 in
1648 4279 1731 4322 sem·

524 4348 589 4425 itis,
610 4348 712 4432 pratis
734 4362 767 4411 ct
788 4343 940 4430 pasturis,
962 4345 996 4410 in
1018 4348 1130 4425 moris,
1151 4347 1305 4427 mariscis,
1325 4359 1360 4413 ct
1379 4369 1414 4412 rn
1436 4345 1541 4430 aquis,
1560 4342 1731 4411 reddendo
