3825 5059
808 470 854 543 19

220 644 584 743 Episcopuorecusarit
598 678 673 725 eum
689 654 854 741 recipere;
879 666 958 722 tunc
973 654 1110 722 veniens
1125 653 1261 723 Dowass
1278 648 1432 744 Inyhorr-

218 740 275 807 lsn
290 742 378 810 dicto
393 743 569 831 Episcopo,
583 756 617 810 et
630 744 727 829 petiit
744 742 864 809 dictam
881 754 1116 828 quarentenam
1129 754 1225 811 terrae
1241 765 1316 809 cum
1331 745 1432 830 perti·

218 829 367 909 nentiis3
395 853 455 916 per
483 831 652 897 servitium
679 853 735 897 xo.
757 852 817 913 per
845 852 968 895 aunum
996 828 1157 909 redditus,
1183 830 1272 897 dicto
1299 830 1431 899 domino

219 912 385 1002 Episcopo
396 942 408 996 ς
431 918 534 984 etsie
557 918 723 1003 predictus
747 916 933 1002 Episcopus
953 914 1103 1000 promisit
1125 916 1212 983 dicto
1235 916 1432 1003 Inybowlsu

219 1000 341 1067 dictans
355 1015 589 1105 quarentenam
606 1003 784 1089 possidere,
799 1025 858 1088 per
877 1002 1002 1067 dictum
1015 1000 1196 1082 servitium,
1210 1003 1349 1069 dnmntc
1362 1003 1432 1071 vita

219 1085 299 1153 dicti
315 1087 484 1175 Episcopi,
496 1103 531 1156 et
545 1112 656 1155 omnes
671 1088 748 1155 olias
764 1101 875 1155 terras.
914 1089 960 1154 Et
974 1099 1159 1154 tenemento
1173 1112 1248 1175 quse
1263 1088 1430 1158 Henrious

219 1172 396 1261 Ogylynan
417 1177 525 1242 tenuit
544 1177 580 1241 in
602 1176 718 1262 Lakyn
739 1175 970 1241 detinebantur
990 1175 1032 1241 de
1052 1175 1231 1261 Episcopo,
1246 1198 1307 1327 per
1327 1178 1431 1244 servi·

218 1258 301 1325 tium
322 1284 378 1327 xa.
398 1262 547 1329 redditus
571 1262 747 1348 Episcopo,
768 1275 802 1328 et
825 1261 985 1328 districtio
1005 1284 1120 1327 eorum
1139 1284 1194 1328 xa.
1211 1284 1248 1329 so
1260 1262 1337 1328 ebat
1355 1262 1430 1330 fieri

218 1344 254 1411 in
275 1345 558 1434 Lachynechrath,
574 1372 673 1434 super
696 1361 917 1414 tenementum
940 1348 1020 1413 dicti
1041 1346 1198 1413 Heorici:
1222 1360 1301 1415 tnnc
1322 1348 1429 1415 dictus

218 1430 385 1501 Hsnricua
395 1434 546 1501 vendidit
559 1435 772 1523 Clongalman
786 1458 860 1500 curn
875 1434 1079 1519 pertinentiis
1092 1433 1202 1499 David
1214 1433 1333 1521 Barry,
1344 1434 1429 1502 insta
1447 1448 1454 1462 ‘

217 1529 395 1599 statutum
419 1532 452 1587 ct
469 1521 576 1588 dictus
599 1522 764 1587 Henricus
780 1522 923 1606 portarit
938 1521 1063 1587 dictum
1081 1520 1246 1587 redditum
1261 1520 1355 1589 ridlt.
1370 1545 1427 1589 xa.

218 1603 260 1669 de
273 1604 556 1692 Lacbynechrath,
565 1620 598 1675 et
610 1620 689 1674 tunc
697 1608 896 1674 Willielmus
910 1608 1015 1693 Barry
1023 1606 1151 1673 emebat
1163 1608 1288 1674 dictum
1300 1607 1428 1696 Lachy·

217 1690 376 1759 nechrath
397 1714 473 1759 cum
498 1695 703 1779 pertinentiis
727 1695 767 1759 de
789 1693 939 1759 Gilberto
961 1693 1132 1779 Ogalman,
1153 1694 1211 1780 qui
1227 1693 1427 1761 Willielmus

216 1776 345 1929 nussuplr
365 1780 532 1881 redditum
552 1781 661 1861 solvit,
682 1794 750 1847 totu
773 1780 840 1847 vita
861 1802 931 1861 sua,
949 1792 983 1845 et
1004 1781 1050 1845 sic
1071 1780 1212 1865 predicti
1230 1802 1287 1847 xe.
1310 1792 1428 1849 sunta

216 1874 304 1929 retr0
341 1878 453 1933 etentr.

260 1948 443 2017 Edwardus
464 1954 523 2019 &c
539 1952 689 2019 omnibus
711 1954 751 2018 ad
775 1975 856 2038 quos
878 1964 1046 2037 presentes
1067 1952 1184 2019 litterre
1205 1951 1426 2038 pervenerint

216 2033 332 2101 Sciatis
362 2038 452 2124 quod
479 2062 539 2124 pro
569 2040 667 2119 bono,
695 2053 729 2106 ct
756 2039 913 2104 laudabili
942 2040 1086 2116 servitio,
1114 2040 1205 2125 quod
1227 2039 1426 2106 Williclmus

216 2120 258 2187 de
286 2120 394 2211 Barry
418 2125 513 2191 uobis
539 2125 695 2192 hactenus
725 2126 897 2211 impendit,
926 2137 961 2192 et
988 2126 1024 2191 in
1049 2138 1217 2211 posterum
1245 2125 1426 2211 impendet,

214 2209 467 2309 perdonavimus
494 2213 600 2278 eidem
625 2212 804 2278 Willielrno
834 2212 1117 2298 transgressiones,
1138 2210 1166 2277 si
1193 2234 1274 2298 qnos
1299 2211 1425 2291 fecerit,

214 2314 249 2359 ιιι
277 2294 339 2361 boc
366 2298 456 2383 quod
483 2298 656 2385 acquisivit
683 2300 724 2366 de
752 2298 913 2365 Nicholao
939 2299 1104 2385 quondam
1129 2298 1295 2384 Episcopo
1319 2299 1424 2366 Clone

216 2378 278 2446 'am
301 2380 456 2450 defuncto
477 2385 535 2452 iiii.
554 2386 642 2470 (xx.)
660 2409 748 2452 acras
770 2398 864 2452 terroe
886 2408 961 2452 cunr
982 2384 1187 2471 pertinentiis
1208 2385 1244 2451 in
1266 2384 1423 2471 Kylmac·

226 2488 326 2554 enyo,
352 2469 540 2538 habendum
566 2486 600 2538 et
628 2473 808 2540 tenendum
832 2472 940 2538 eidem
966 2471 1159 2552 Willielmo,
1185 2484 1219 2538 et
1244 2470 1423 2539 heredibus

214 2553 280 2617 suis
300 2554 336 2620 in
354 2571 561 2645 perpetuum,
583 2558 732 2626 faciendo
755 2558 946 2645 capitalibus
971 2558 1110 2624 dominis
1134 2558 1222 2623 leodi
1242 2558 1332 2623 illius
1355 2581 1423 2625 ser·

211 2639 293 2716 vitia
311 2640 388 2709 inde
418 2644 529 2712 debita
555 2658 588 2712 et
612 2660 785 2723 consueta3
812 2646 1027 2732 quasquidem
1050 2656 1166 2731 quater
1189 2644 1309 2729 viginti
1331 2658 1421 2710 acras

212 2728 526 2881 ilal‘ffiil’
549 2729 1187 2883 litterarumrore
1208 2729 1422 2880 ῗηῗοῗὲἒ

1039 2860 1421 3070 afferren-ae

210 3069 352 3135 dominis
375 3070 464 3137 feodi
487 3072 576 3137 illius
599 3038 731 3138 servitio
752 3072 830 3138 inde
854 3073 965 3138 debita
986 3085 1020 3137 et
1044 3083 1208 3139 consueta.
1254 3072 1307 3139 Ita
1329 3074 1419 3157 quod

209 3154 378 3240 predictus
399 3158 610 3238 Willielmus,
633 3158 769 3225 heredes
794 3170 828 3224 et
853 3158 1004 3244 assignati
1028 3157 1091 3237 sui,
1116 3158 1278 3243 predictas
1301 3172 1418 3245 quater

210 3241 330 3329 viginti
351 3266 440 3309 acras
463 3257 557 3311 terrae
576 3270 650 3312 cum
673 3245 877 3331 pertinentiis
892 3268 935 3310 ex
955 3267 1044 3309 nunc
1059 3245 1101 3310 de
1121 3245 1216 3311 nobis
1233 3258 1365 3313 teneant
1382 3247 1418 3312 in

210 3328 327 3413 capite,
343 3352 402 3414 per
419 3332 589 3397 servitium
604 3334 658 3398 iis.
674 3333 821 3398 redditus
839 3332 1006 3397 annuatim
1022 3331 1063 3397 de
1080 3330 1174 3398 nobis
1188 3343 1223 3399 et
1239 3332 1416 3400 heredibus

208 3414 337 3495 nostris,
353 3417 396 3481 ad
414 3420 608 3484 scaccarium
628 3432 774 3485 nostrum
798 3418 969 3498 Dublinie,
989 3420 1031 3485 sd
1051 3418 1133 3485 duos
1152 3418 1231 3485 anni
1249 3420 1417 3498 terminos,

208 3499 413 3568 medietatem
421 3504 514 3570 ridlt.
525 3506 566 3569 ad
575 3506 767 3571 scaccarium
781 3506 822 3569 ad
833 3504 951 3571 festum
963 3505 1106 3585 Poscbae,
1115 3517 1148 3571 et
1157 3505 1252 3571 oliam
1260 3506 1416 3573 medieta-

208 3596 273 3652 ton
289 3588 330 3653 ad
343 3592 538 3658 acaccmium
554 3592 595 3657 ad
610 3593 727 3657 festum
743 3592 926 3669 Michaelis,
937 3592 1143 3657 reddendum
1157 3592 1192 3655 iu
1207 3604 1415 3675 perpetuum.

208 3670 368 3741 Nolentes
396 3678 487 3763 quod
512 3678 600 3743 idem
623 3677 834 3755 Willielmus,
858 3678 996 3745 heredes
1023 3699 1083 3743 seu
1109 3675 1349 3761 assignationi,
1377 3698 1417 3743 ea

207 3760 387 3839 occasione,
409 3786 470 3847 per
495 3787 566 3841 nos,
590 3788 648 3831 seu
673 3788 733 3849 per
758 3764 920 3830 ministros
947 3774 1086 3839 nostros,
1111 3760 1349 3845 quovismondo
1373 3762 1415 3826 de

206 3857 314 3911 cetero
336 3850 579 3917 occasionantur
596 3851 630 3916 iu
646 3852 768 3938 aliquo,
782 3851 837 3916 vol
858 3860 1049 3937 graventur.
1093 3847 1136 3912 In
1155 3846 1250 3934 cujus
1264 3847 1312 3913 rei
1327 3849 1415 3914 testi·

206 3931 364 4013 monium,
379 3935 435 3999 has
453 3935 561 4002 literas
583 3952 706 4003 nostras
723 3936 795 4003 fieri
817 3937 951 4002 secimus
975 3945 1132 4019 patentes.
1176 3935 1274 4001 'l'este
1289 3934 1416 4001 Tboma

205 4016 273 4083 filio
292 4018 449 4087 Johannis
468 4023 604 4088 Comitis
623 4024 754 4109 Kyldar
773 4024 794 4088 J
797 4022 958 4087 usticiario
980 4019 1161 4087 Hiberniae.
1206 4020 1310 4108 Apud
1328 4020 1414 4107 Kyl-

204 4102 327 4173 mllok
341 4106 386 4174 vi.
402 4108 455 4173 die
470 4109 493 4173 J
495 4109 564 4174 unii
582 4132 666 4174 auno
684 4110 733 4173 M.
748 4106 839 4193 [ccc]
853 4107 936 4173 xiiii.

249 4188 388 4260 Reatele
401 4194 614 4279 burgensium
630 4195 671 4259 de
688 4194 940 4280 Kylnracleoyn,
952 4192 1072 4259 factum
1087 4192 1210 4261 ibidem
1224 4194 1279 4260 die
1293 4189 1410 4259 Martis
1424 4190 1538 4307 {aniel}
1550 4190 1584 4243 ὅ·

227 4278 354 4345 roximo
377 4292 451 4366 post
474 4279 594 4347 festum
617 4281 741 4347 Sanctae
763 4280 942 4358 Katerinae,
961 4302 1021 4364 per
1041 4279 1256 4347 Willielmum
1275 4278 1413 4359 Album,
1471 4270 1528 4308 ”¹⁸⁰
1538 4270 1618 4322 ‘'¹5¹''

203 4296 380 4433 laicalium
394 4366 591 4445 Araborum,
607 4366 798 4453 Philippum
812 4365 949 4443 Album,
964 4378 998 4431 et
1015 4366 1037 4431 J
1038 4366 1199 4433 ohannem
1217 4366 1323 4519 Bmd
1337 4386 1411 4451 pre-

202 4449 357 4534 positum,
373 4454 501 4539 jurstos
515 4465 549 4520 et
563 4453 681 4520 electos
697 4477 755 4539 per
772 4465 870 4519 totum
885 4452 1158 4520 communitatem.
1205 4451 1275 4523 Qui
1319 4452 1412 4519 icunt
