3825 5059
1034 453 1083 524 60

453 633 584 699 illicitos
611 632 798 720 hujusmodi
823 634 1066 701 malefactorum
1091 636 1214 702 dictum
1237 646 1393 702 statutum
1414 658 1472 701 seu
1497 658 1660 721 quascun-

455 742 521 805 que
544 720 709 785 libertates
733 720 961 786 ecclesiasticas
984 721 1178 807 impugnare
1201 722 1347 789 volentes
1373 721 1543 801 refrenari,
1568 744 1605 788 ae
1631 723 1660 787 si

454 805 489 869 in
504 818 670 889 posterum
690 805 937 892 delinquentes,
950 807 1060 875 debite
1078 807 1190 891 puniri
1210 818 1243 873 et
1262 807 1422 893 castigari,
1439 820 1478 873 ut
1498 818 1660 887 tenemur,

455 890 560 956 Vobis
576 901 609 955 et
627 890 760 956 cuilibet
773 902 919 957 restrum
935 892 1125 957 mandamus
1142 892 1277 958 firmiter
1293 893 1502 979 injungentes
1516 893 1608 977 quod
1624 893 1660 958 in

454 976 542 1042 villis
565 975 763 1043 mercatoriis
787 988 821 1041 et
843 976 913 1041 aliis
932 977 1013 1043 locis
1034 978 1203 1044 comitatus
1223 978 1363 1062 predicti
1386 979 1445 1044 ubi
1463 978 1581 1043 melius
1601 1000 1659 1044 ex·

454 1060 568 1145 pedire
582 1061 741 1139 videritis,
759 1073 793 1127 et
812 1061 947 1128 cuilibet
963 1074 1108 1129 vestrum
1124 1063 1255 1144 viderit,
1267 1063 1398 1148 publice
1412 1063 1611 1147 proclamare
1625 1074 1660 1128 et

455 1158 604 1231 exparte
625 1158 735 1212 nostra
751 1147 892 1213 inhiberi
908 1147 1044 1229 faciatis,
1066 1148 1120 1214 Ne
1142 1148 1228 1235 quis,
1244 1149 1468 1236 cujuscunque
1483 1159 1584 1213 status
1599 1170 1660 1213 seu

456 1231 655 1298 condicionis
678 1232 791 1313 fuerit,
815 1234 875 1298 sub
898 1233 1104 1300 forisfactura
1126 1234 1271 1299 omnium
1292 1257 1366 1319 quae
1390 1256 1469 1320 erga
1487 1256 1547 1298 nos
1567 1232 1660 1298 foris·

455 1316 561 1383 facere
585 1318 705 1402 poterit
728 1318 851 1403 aliquas
874 1318 1061 1405 hujusmodi
1086 1320 1306 1405 impositiones
1329 1342 1387 1384 seu
1410 1341 1521 1395 onera,
1547 1330 1662 1384 contra

457 1404 558 1469 dictos
582 1404 796 1490 Episcopum,
816 1403 999 1483 Decanum,
1021 1405 1223 1489 Capitulum,
1244 1416 1278 1470 et
1301 1404 1448 1483 Clerum,
1471 1415 1529 1470 aut
1548 1426 1660 1469 eorum

456 1500 616 1569 tenentes,
636 1512 697 1574 pro
718 1490 814 1555 terris
840 1501 874 1554 et
896 1490 1152 1574 possessionibus
1174 1490 1393 1569 ecclesiarum,
1414 1500 1528 1555 contra
1548 1511 1661 1554 eorum

457 1597 621 1639 assensum
642 1586 675 1639 et
691 1574 827 1640 liberam
844 1576 1057 1656 voluntatem,
1072 1577 1113 1641 de
1130 1587 1238 1642 cetero
1252 1576 1398 1660 imponat
1412 1587 1469 1640 aut
1482 1575 1662 1659 imponant,

457 1682 517 1724 seu
535 1659 592 1724 illa
610 1671 801 1744 supportare
820 1661 875 1725 vel
895 1662 1041 1746 recipere
1063 1660 1235 1745 compellat
1255 1660 1480 1747 quovismodo,
1494 1681 1555 1725 nec
1573 1659 1660 1744 quis·

458 1767 556 1829 quam
579 1744 685 1810 facere
709 1756 765 1810 aut
789 1756 980 1831 attemptare
1004 1758 1171 1831 presumat
1193 1749 1283 1832 quod
1308 1748 1343 1811 in
1369 1745 1524 1811 lesionem
1549 1744 1661 1810 statuti

457 1830 607 1913 predicti,
630 1830 685 1895 vel
703 1830 839 1918 alicujus
854 1831 983 1896 articuli
997 1832 1155 1918 ejusdem,
1178 1854 1237 1897 seu
1251 1830 1408 1897 libertatis
1425 1830 1662 1909 ecclesiastice,

458 1915 641 2000 aliqualiter
653 1918 788 1981 tendere
797 1917 910 1982 valeat.
935 1916 981 1984 Et
990 1918 1018 1981 si
1029 1940 1127 2003 quem
1138 1917 1192 1983 vel
1204 1929 1368 2002 quospost
1375 1915 1662 2001 proclamationem

458 2014 490 2065 et
506 2001 732 2066 inhibitionem
749 2002 947 2089 hujusmodi,
966 2002 1164 2068 contrarium
1183 2002 1355 2068 facientem
1371 2014 1429 2067 aut
1443 2001 1597 2066 facientes
1611 2000 1662 2065 in·

459 2087 624 2164 veneritis,
637 2086 692 2153 vel
706 2088 825 2173 aliquis
839 2100 985 2153 vestrum
1001 2088 1174 2168 invenerit,
1188 2088 1275 2173 ipsos
1293 2098 1326 2153 et
1343 2109 1457 2153 eorum
1471 2086 1663 2171 quemlibet,

459 2184 612 2259 tanquam
621 2172 714 2237 nobis
726 2173 875 2249 rebelles,
887 2185 920 2238 et
931 2185 1051 2239 statuta
1062 2195 1099 2237 ac
1108 2174 1377 2256 mandatanostra
1386 2182 1663 2256 contempnentes,

458 2257 593 2322 indilate
607 2257 739 2341 capiatis
753 2258 915 2323 arrestetis
930 2280 967 2323 ac
978 2258 1108 2342 prisone
1120 2270 1230 2324 nostre
1242 2258 1444 2343 mancipetis,
1455 2268 1489 2322 et
1501 2258 1538 2321 in
1549 2258 1662 2322 eadem

459 2355 602 2407 moratur
617 2365 788 2442 quousque
801 2365 915 2407 eorum
926 2343 1193 2408 deliberationem
1205 2343 1298 2410 aliter
1311 2342 1500 2408 duxerimus
1512 2342 1663 2407 ordinan-

461 2428 544 2492 dam.
566 2427 617 2492 Ac
632 2450 766 2512 insuper
780 2450 839 2492 vos
853 2428 917 2512 ipsi
929 2438 964 2492 et
976 2428 1116 2514 quilibet
1128 2441 1274 2495 vestrum
1287 2428 1462 2507 neminem,
1477 2427 1664 2513 hujusmodi

460 2536 559 2578 onera
587 2511 699 2579 illicita
727 2536 826 2599 super
856 2525 956 2579 terras
986 2525 1020 2578 et
1048 2514 1261 2598 possessiones
1289 2513 1520 2580 ecclesiasticas
1550 2523 1665 2578 contra

459 2598 595 2663 liberam
615 2598 815 2664 voluntatem
834 2598 924 2665 Cleri
942 2621 984 2663 ex
1001 2622 1090 2663 nunc
1106 2600 1273 2683 imponere
1289 2610 1447 2685 quantum
1460 2598 1496 2663 in
1509 2597 1602 2664 robis
1615 2609 1664 2661 est

460 2683 666 2770 permittatis,
678 2686 736 2751 sed
749 2684 847 2769 ipsos,
860 2684 1071 2835 Episcopum,
1080 2684 1262 2765 Decanum,
1274 2684 1475 2769 Capitulum,
1487 2696 1521 2750 et
1529 2682 1664 2749 Clerum

462 2784 574 2837 contra
596 2770 781 2857 hujusmodi
805 2771 887 2836 male
903 2782 1026 2850 actores
1044 2770 1142 2856 juxta
1165 2782 1321 2837 statutum
1345 2770 1530 2855 predictum
1550 2790 1663 2838 manu·

461 2856 609 2935 teneatis,
624 2857 813 2945 protegatis,
828 2869 861 2922 et
877 2879 936 2940 pro
951 2856 1077 2923 viribus
1092 2855 1273 2921 defendetis
1286 2867 1384 2940 prout
1398 2852 1501 2920 decet
1517 2854 1558 2919 Iu
1570 2853 1664 2938 cujus

461 2943 508 3006 rei
529 2943 749 3008 testimonium
765 2942 823 3008 has
841 2942 951 3008 literas
974 2954 1098 3008 nostras
1118 2941 1188 3006 fieri
1210 2940 1346 3006 fecimus
1365 2951 1512 3026 patentes
1566 2938 1664 3003 Teste

461 3028 483 3093 J
485 3028 584 3094 acobo
601 3028 633 3091 le
654 3028 790 3094 Botiller
806 3027 932 3095 Gemite
950 3027 1136 3093 Ormondiae
1154 3026 1339 3092 Justiciario
1356 3037 1467 3091 nostro
1482 3022 1665 3101 Hiberniae,

462 3113 551 3197 apud
565 3111 738 3197 Kilkenny
750 3114 793 3181 si.
810 3114 863 3179 die
879 3114 901 3179 J
901 3113 963 3179 ulii
977 3136 1061 3179 anno
1076 3112 1162 3198 regis
1176 3112 1279 3177 nostri
1293 3110 1419 3197 quinto.

507 3281 711 3348 Duodecimo
727 3282 779 3346 die
795 3282 913 3347 mensis
928 3283 1072 3368 Augusti
1086 3306 1171 3348 anno
1184 3281 1319 3347 Domini
1330 3279 1498 3346 millesimo
1510 3277 1664 3364 quadrin-

463 3368 642 3454 gentesimo
658 3367 765 3447 tertio,
779 3368 999 3433 controversia
1016 3368 1101 3433 inter
1118 3367 1336 3433 venerabilem
1350 3367 1386 3431 in
1398 3364 1528 3432 Christo
1539 3374 1665 3450 patrem

464 3468 497 3519 et
521 3453 689 3519 dominum
712 3451 880 3517 dominum
903 3450 1083 3517 Geraldum
1107 3453 1173 3517 Dei
1196 3465 1230 3517 et
1253 3475 1272 3516 a
1296 3450 1435 3517 ostolicae
1458 3449 1543 3515 sedis
1562 3447 1667 3549 gratia

464 3540 666 3625 Episcopum
694 3537 796 3605 Clone
822 3558 864 3602 ex
890 3548 983 3621 parte
1008 3560 1086 3615 una,
1112 3549 1146 3603 et
1168 3536 1257 3603 Davi
1302 3537 1406 3602 filium
1431 3534 1584 3600 Mauricir
1606 3532 1667 3598 filii

464 3625 596 3693 Ricardi
616 3623 727 3692 militis
751 3646 795 3689 ex
818 3636 909 3708 parte
930 3622 1031 3688 altera
1047 3622 1155 3688 taliter
1169 3621 1368 3709 conquievit,
1387 3620 1551 3699 videlicet,
1565 3617 1666 3690 Quod

463 3714 630 3798 predictus
645 3709 838 3779 venerabilis
854 3720 944 3794 pater
960 3708 1110 3774 dominus
1126 3708 1288 3774 Geraldus
1309 3708 1491 3793 Episcopus
1509 3704 1613 3771 Clone
1634 3715 1668 3767 et

464 3798 574 3864 David
591 3798 677 3863 filius
696 3795 857 3875 Mauritii,
871 3818 981 3861 onmes
996 3806 1029 3860 et
1048 3793 1192 3879 singulas
1206 3793 1359 3873 actiones,
1374 3789 1535 3878 querelas,
1547 3800 1581 3855 et
1594 3810 1667 3853 ran-

464 3906 554 3949 cores
568 3884 653 3947 inter
668 3882 797 3949 eosdem
810 3882 996 3958 existentes,
1005 3879 1067 3946 sibi
1081 3880 1213 3947 invicim
1226 3891 1259 3945 et
1270 3878 1453 3945 alternatim
1463 3874 1669 3951 remiserunt,

464 3971 664 4045 relaxerunt,
691 3980 724 4033 et
750 3967 1025 4033 condonaverunt.
1077 3965 1218 4051 Insuper
1246 3965 1337 4115 qqod
1364 3961 1530 4048 predictus
1557 3957 1669 4059 David

465 4056 550 4122 filius
567 4053 715 4119 Mauritii
736 4054 799 4119 erit
820 4054 861 4117 de
883 4062 990 4118 cetero
1011 4051 1127 4128 bonus,
1147 4063 1180 4117 et
1200 4050 1265 4115 fide
1280 4050 1305 4115 's
1324 4048 1472 4134 predicto
1488 4042 1669 4113 venerabili

465 4143 550 4227 patri
580 4139 721 4207 Geraldo
752 4138 914 4223 Episcopo
942 4136 1047 4203 Olone
1077 4135 1210 4223 [atque]
1240 4135 1281 4201 ab
1309 4134 1370 4200 hac
1400 4132 1481 4200 hors
1508 4130 1545 4197 in
1573 4139 1670 4195 antea

465 4229 571 4311 ipsum
595 4225 793 4311 Episcopum
821 4235 855 4289 et
879 4245 954 4288 suos
981 4235 1094 4289 contra
1116 4242 1345 4308 quemcunque
1371 4231 1429 4286 aut
1454 4236 1669 4304 quoscunque

465 4313 694 4381 ecclesiasticos
715 4310 769 4379 vel
792 4307 965 4387 seculares,
986 4308 1204 4388 defendendo,
1223 4306 1378 4386 fovendo,
1400 4301 1614 4373 custodiendo
1636 4310 1670 4365 et
