3825 5059
802 467 850 541 25

221 653 307 718 diem
321 665 469 720 octavum
483 654 650 721 Trinitatis
663 675 746 719 anno
757 653 814 718 xli.
825 653 866 717 nd
879 670 978 739 quem
989 652 1073 718 diem
1087 654 1204 719 Petrus
1217 654 1293 721 fecit
1304 654 1429 722 deioul·

221 753 300 804 tum.
346 740 427 806 Ideo
443 764 595 827 magnum
613 762 691 825 cape
708 742 749 806 ad
764 739 938 805 valentiam
952 740 1132 805 retornabit
1146 741 1234 806 omui
1248 764 1332 807 anno
1347 743 1407 809 &c

266 826 442 892 Mauritius
464 826 603 913 Chapell
625 826 701 892 fecit
722 827 852 891 domino
874 826 1072 912 homagium,
1090 838 1124 893 et
1144 829 1298 913 cognovit
1318 840 1429 895 tenere

220 912 262 976 de
278 912 407 978 domino
425 915 470 979 iii.
488 927 651 979 carucatas
669 927 763 979 terrae
781 913 815 977 in
832 912 1049 997 Coulhcneny
1063 937 1123 998 per
1140 916 1270 981 servitia
1286 915 1354 981 xla.
1370 939 1429 1001 per

220 1021 352 1077 annum,
368 1012 401 1065 et
419 1013 513 1065 sectae
532 1002 573 1065 ad
593 1000 713 1065 curiam
732 1001 773 1064 do
793 998 1036 1084 Kylmaclenyn
1055 1000 1168 1065 dcxv.
1186 1001 1220 1066 in
1235 1025 1291 1065 xv.
1305 1013 1338 1067 et
1352 1002 1430 1068 fecit

223 1085 351 1151 domino
378 1086 567 1151 fidelitatem
592 1088 645 1151 die
674 1086 775 1151 Lunae
803 1098 876 1150 ante
902 1085 1022 1151 festum
1049 1086 1294 1172 Assumpcionis
1318 1088 1428 1155 Boutta

220 1171 346 1249 Maria,
359 1184 393 1238 et
406 1173 512 1239 omnia
528 1174 674 1257 predicta
689 1172 842 1259 cognovit
861 1196 944 1237 anno
961 1195 997 1236 re
1020 1173 1047 1236 is
1063 1196 1166 1237 xxxv.

262 1258 405 1325 lacobus
423 1260 509 1324 filius
524 1273 555 1324 et
574 1260 667 1324 hores
687 1258 840 1323 Nicholai
860 1258 975 1344 Barry,
991 1196 1045 1323 ‹iie
1063 1258 1196 1325 sabbati
1217 1270 1292 1325 ante
1310 1260 1428 1326 sestam
1441 1268 1602 1335 Kylhrogan.

219 1342 329 1410 Sancti
345 1346 486 1410 Andreae
503 1346 638 1431 apostoli
654 1370 738 1411 anno
754 1346 839 1431 regis
855 1346 1012 1410 Edwardi
1023 1346 1112 1411 tertii
1124 1359 1199 1431 post
1214 1369 1273 1411 con
1299 1360 1427 1414 uestum
1441 1334 1589 1401 ΗΜΘΝ·

217 1429 263 1495 xl.
280 1431 314 1495 in
331 1432 464 1497 eeclesia
480 1430 604 1497 Sancta
620 1432 773 1517 Brygidae
792 1432 928 1517 virginis
946 1432 988 1497 de
1003 1430 1133 1497 Bothon
1151 1455 1260 1498 coram
1275 1370 1427 1499 iohanne

217 1516 352 1581 Walens
386 1530 420 1584 et
450 1518 579 1603 Rogero
608 1519 845 1584 Archidincono
876 1518 993 1595 Clone,
1025 1517 1101 1583 fecit
1129 1520 1308 1585 vonerabili
1342 1522 1428 1605 patri

217 1602 239 1667 J
241 1603 360 1669 ohanni
378 1605 419 1669 da
442 1604 608 1670 Swafham
632 1606 794 1690 Episcopo
818 1604 933 1684 Clone,
947 1603 1134 1691 homagium
1149 1607 1304 1690 predictis
1319 1608 1427 1685 terris,

217 1702 251 1754 et
271 1692 463 1757 tenementis
488 1714 567 1777 quas
588 1692 704 1757 clamat
727 1705 838 1757 tenere
860 1690 901 1755 de
923 1692 1059 1756 ecclesio
1082 1690 1194 1758 Sancti
1217 1693 1365 1759 Colmani
1384 1694 1426 1760 dc

217 1774 332 1853 Clone,
347 1777 381 1842 in
401 1778 531 1863 Kylbro
556 1802 596 1843 an
612 1790 645 1843 et
666 1780 700 1842 in
719 1777 907 1863 Brochoyn,
923 1800 1003 1863 quas
1018 1777 1152 1863 quidem
1170 1791 1270 1844 terras
1288 1792 1321 1845 et
1336 1792 1426 1845 tene·

216 1875 335 1943 menta,
356 1864 454 1929 habet
476 1864 517 1929 de
532 1801 718 1930 hereditate
741 1865 841 1948 patris
863 1864 914 1929 sui
937 1864 1116 1949 supradicti
1138 1876 1172 1930 ct
1194 1866 1344 1932 Mauritii
1364 1867 1426 1933 filii

215 1948 310 2013 Odon
329 1950 370 2015 de
389 1951 505 2037 Barry,
529 1974 610 2037 quas
637 1952 752 2016 clamat
778 1950 914 2051 dejure
939 1963 972 2016 et
993 1950 1175 2017 hereditate
1202 1965 1277 2037 post
1299 1953 1423 2038 ydeis,tt

215 2033 358 2117 Marion,
376 2051 408 2102 et
431 2039 525 2102 etiam
543 2039 673 2124 juratus
696 2048 743 2102 est
764 2038 893 2102 dommo
916 2037 957 2102 dc
980 2036 1103 2102 relevio
1120 2037 1271 2103 habendo
1293 2050 1327 2103 et
1348 2062 1424 2125 cog·

213 2122 306 2187 novit
323 2124 436 2189 eodem
455 2124 508 2189 die
526 2146 561 2189 sc
579 2136 690 2190 tenere
709 2124 750 2189 de
774 2124 917 2201 domino,
932 2135 966 2188 et
983 2125 1024 2188 dc
1042 2124 1185 2189 manerio
1204 2125 1245 2190 dc
1266 2123 1423 2211 Kylmac-

213 2206 313 2294 lenyn
335 2211 495 2295 predictas
518 2222 630 2290 terras,
647 2224 681 2277 et
693 2222 887 2289 tenemento,
906 2210 1018 2279 vidit:
1041 2211 1249 2297 Kylbrogan,
1264 2223 1298 2277 et
1319 2225 1422 2277 certas

213 2304 314 2359 terras
328 2295 364 2361 in
377 2297 564 2384 Brochoyn,
577 2321 636 2383 per
650 2298 847 2385 homagium,
860 2297 1061 2377 fidelitatem,
1075 2310 1109 2363 ct
1119 2321 1178 2383 per
1192 2310 1310 2364 sectam
1323 2300 1421 2365 curia

212 2382 255 2445 ad
273 2380 514 2470 Kylmaclenyn
530 2385 571 2449 de
586 2408 641 2452 xv.
658 2386 698 2450 ad
714 2408 782 2461 xv,
797 2396 830 2450 et
845 2406 904 2469 per
922 2386 1091 2450 servitium
1107 2386 1196 2451 xvia.
1213 2398 1246 2451 ct
1260 2387 1345 2451 trud.
1360 2408 1421 2471 per

212 2488 345 2549 annum,
360 2482 393 2535 et
407 2470 503 2537 solvit
518 2471 688 2551 relevium,
703 2472 815 2537 vidit:
838 2472 927 2537 xvia.
943 2485 978 2537 et
990 2473 1077 2537 und.

255 2552 381 2621 Eodem
396 2557 449 2623 die
468 2581 576 2623 coram
593 2558 757 2644 predictis.
804 2558 897 2623 Idem
919 2558 941 2623 J
943 2560 1062 2624 acobus
1077 2557 1154 2624 fecit
1170 2559 1300 2623 domino
1314 2556 1420 2622 fideli-

211 2650 320 2721 tatem,
335 2655 369 2707 et
383 2644 536 2794 cognovit
556 2646 612 2709 ille
630 2645 799 2710 servitium
815 2644 944 2709 domino
961 2657 994 2709 et
1003 2645 1128 2731 juravit
1143 2644 1285 2720 domino,
1300 2645 1372 2719 δια,
1387 2655 1421 2708 et

209 2724 288 2792 iecit
302 2730 416 2794 eodem
444 2754 502 2795 oco
523 2743 717 2796 attornatum
737 2753 833 2794 suum
855 2732 896 2794 ad
914 2732 1038 2795 curiam
1061 2731 1101 2793 de
1120 2729 1361 2813 Kylmaclenyn
1377 2729 1419 2791 do

208 2813 320 2962 {alin
339 2838 396 2880 xv.
412 2839 472 2899 pro
489 2817 566 2902 jure
589 2818 711 2881 domini
733 2816 909 2891 serviendi,
930 2816 1042 2882 vidlt.:
1066 2815 1249 2879 Henricum
1264 2814 1361 2879 casse
1377 2814 1418 2877 dc

283 2900 407 2964 maclen
432 2923 464 2966 n.

246 2922 517 3050 hlauonrhnuu
531 2986 618 3072 quod
633 2987 787 3071 predictae
803 2996 896 3050 terrm
912 2998 945 3050 et
955 2996 1139 3050 tenemento
1153 2985 1196 3050 de
1210 2984 1417 3073 Kylbrogan‚

207 3070 300 3134 etde
319 3070 494 3157 Brochoyn
515 3093 590 3138 cnm
612 3072 828 3157 pertinentiis,
843 3072 920 3135 olim
941 3071 1075 3136 suerunt
1092 3071 1216 3137 Odouis
1237 3074 1279 3139 de
1298 3073 1416 3159 Barry,

206 3166 240 3221 et
261 3169 336 3241 post
360 3157 531 3244 Philippus
554 3159 640 3224 filius
663 3182 740 3223 suus
762 3158 906 3223 reddidit
927 3158 1019 3224 xiiia.
1037 3158 1134 3239 iiiict,
1156 3171 1188 3225 et
1203 3160 1283 3241 iiia,
1298 3162 1412 3227 vidit:

206 3265 290 3307 anno
306 3244 442 3310 Domini
457 3246 626 3311 millesimo
642 3268 687 3311 cc.
704 3246 725 3311 l.

250 3329 411 3397 Dominus
430 3333 452 3398 J
454 3333 596 3398 ohannes
614 3333 725 3419 Cogan
743 3333 835 3397 dedit
853 3331 1020 3398 ecclesiam
1038 3332 1079 3398 dc
1096 3332 1279 3419 Balaghath
1296 3335 1413 3419 magis-
1427 3346 1586 3399 willielmus

205 3425 255 3478 tro
275 3416 421 3483 Henrico
436 3419 502 3484 lilio
518 3444 590 3485 suo,
606 3433 639 3485 et
656 3432 770 3505 postea
788 3420 954 3504 predictus
974 3419 996 3484 J
998 3420 1140 3485 ohannes
1157 3422 1248 3485 dedit
1264 3425 1411 3506 predicto
1425 3411 1620 3528 3252&ngst

205 3500 351 3570 Henrico
363 3518 465 3571 certas
478 3519 578 3572 terras
590 3507 624 3570 in
637 3508 756 3585 Conso,
770 3518 803 3571 et
814 3520 892 3571 tunc
906 3508 1043 3571 decessit
1055 3508 1220 3593 predictus
1234 3508 1254 3572 J
1257 3509 1411 3589 ohannes,
1425 3495 1605 3607 Balaguath.⁰

204 3598 237 3651 et
257 3604 369 3673 postea
384 3591 405 3656 J
408 3594 549 3658 ohannes
567 3594 678 3679 Cogan
698 3594 784 3659 filius
803 3606 836 3657 et
851 3593 944 3658 heres
960 3594 1099 3676 predicti
1115 3594 1238 3657 domini
1253 3593 1274 3657 J
1277 3596 1411 3659 ohannis

204 3671 316 3759 (logan
340 3678 417 3743 fecit
446 3702 545 3744 unum
570 3681 773 3745 excambium
797 3702 872 3744 cum
898 3680 1046 3763 predicto
1072 3678 1231 3752 Henrico,
1258 3701 1317 3761 pro
1345 3680 1410 3743 illis

202 3760 295 3825 terris
310 3762 344 3826 in
358 3764 479 3842 conae,
494 3790 553 3851 pro
570 3766 657 3831 Rath
673 3768 785 3853 Cogan
801 3777 835 3831 et
850 3765 1033 3850 Balaghath
1047 3787 1122 3828 cum
1137 3764 1353 3847 pertinentiis,
1368 3765 1410 3830 ad

201 3848 375 3914 terminum
389 3851 463 3916 vitre
476 3876 560 3932 suac3
577 3866 610 3917 ct
623 3866 701 3918 tunc
713 3854 879 3938 predictus
891 3851 1043 3936 magister
1054 3849 1232 3935 resignavit
1242 3851 1409 3917 ecclesiam

201 3932 243 3998 de
259 3932 319 4000 Bal
362 3936 439 4003 hath
452 3940 485 4003 io
501 3939 650 4004 manibus
665 3939 771 4004 fratris
786 3937 938 4002 Nicholai
954 3936 1110 4021 Episcopi
1123 3936 1238 4017 Cinna,
1251 3949 1285 4003 et
1295 3952 1408 4023 postca

201 4018 292 4086 dedit
313 4022 336 4086 il
352 4046 402 4088 am
418 4025 584 4089 ecclesiam
603 4026 757 4110 Philippo
773 4023 937 4099 Sarsfield,
953 4037 986 4088 et
1007 4022 1160 4087 inductus
1175 4023 1238 4087 suit
1255 4048 1315 4109 per
1332 4048 1407 4110 prc-

200 4104 323 4173 dictum
347 4108 546 4197 Episcopum
570 4112 778 4188 Nicholaum,
800 4121 833 4175 et
855 4110 918 4174 cito
943 4120 1015 4193 post
1039 4110 1205 4194 predictus
1234 4111 1405 4193 Philippus

199 4205 346 4261 mortuus
371 4198 446 4275 l'uit,
474 4212 507 4263 et
534 4210 612 4263 tunc
638 4197 804 4284 predictus
834 4196 983 4259 dominus
1012 4196 1177 4261 chricus
1202 4197 1294 4260 dedit
1317 4197 1406 4261 illam

198 4279 367 4347 ecclesiam
381 4284 528 4350 Woltero
544 4285 669 4370 (logan,
685 4296 719 4349 et
734 4284 796 4347 cito
812 4293 885 4365 post
901 4282 956 4345 Ma
984 4282 1061 4347 'ster
1076 4282 1276 4347 Williolmus
1292 4282 1405 4367 Cogan

197 4366 289 4433 venit
310 4368 352 4435 de
370 4369 495 4457 Anglia
513 4372 553 4436 de
574 4370 679 4448 scolis,
698 4382 730 4437 et
748 4368 950 4455 predictusl
979 4368 1099 4435 alteros
1119 4368 1295 4453 resignavit
1317 4369 1406 4435 illam

1210 4495 1232 4539 n
