3825 5059
1095 396 1142 467 31

442 592 446 607 ’
501 582 574 671 ¹per
589 595 670 673 quos
687 582 896 661 imminerit,
911 580 980 648 sine
999 583 1154 649 dilatione
1173 580 1319 662 mittatis,
1337 593 1371 648 et
1388 580 1450 648 hoc
1467 582 1582 650 breve.
1635 580 1738 645 Teste

296 3018 374 3073 Gotrl.

293 3208 319 3248 ts
329 3209 388 3258 um
395 3207 477 3257 mapa

294 3256 498 3347 “tvm

352 3355 408 3419 pica
423 3356 452 3407 iu

294 3418 389 3485 Tergc.

514 672 640 738 Thoma
659 671 700 735 de
720 669 876 755 Rolresby
895 669 916 735 J
919 670 1082 735 usticiario
1099 680 1212 733 nostro
1232 668 1403 734 Hiberniae
1422 669 1511 754 apud
1528 666 1629 734 Gork
1649 664 1738 731 xxii.

514 759 567 824 die
581 757 699 825 Marcii
710 780 794 823 anno
806 756 900 843 regni
910 756 1013 823 nostri
1022 754 1153 841 Angliae
1168 777 1227 821 xx.
1240 778 1327 821 nono
1340 770 1374 821 et
1386 752 1480 843 regni
1494 752 1649 820 Francia}
1666 752 1736 817 xvi.

523 970 524 975 κ
558 930 731 1017 Inquisitio
754 942 848 1015 capta
874 952 934 1017 por
962 929 1145 995 Johannem
1166 927 1292 995 Carrue
1318 930 1527 995 Escaetorem
1550 924 1737 992 Hibernia

514 1017 604 1105 apud
621 1016 710 1084 Corlr
727 1017 822 1083 xxiii.
839 1016 892 1081 die
921 1016 1051 1093 Marcii,
1075 1039 1159 1081 anno
1180 1016 1274 1081 xxix.
1290 1028 1324 1081 et
1343 1015 1488 1080 Franciae
1509 1014 1578 1080 xvi.
1601 1013 1736 1078 virtute

513 1104 682 1193 cujusdem
707 1104 817 1170 brevis
848 1103 972 1169 domini
1000 1102 1112 1189 Regis,
1138 1103 1244 1169 eidem
1271 1101 1439 1168 Escaetcri
1466 1100 1597 1181 directi,
1628 1108 1737 1185 prout

512 1191 600 1259 idem
617 1193 717 1259 breve
732 1188 882 1277 requirit,
900 1211 960 1274 per
977 1189 1190 1275 subscriptos,
1203 1188 1344 1255 viola-

599 1320 797 1388 Nicholaum
816 1318 952 1404 Costyn,
1160 1316 1458 1383 Walterumlilium
1468 1314 1624 1394 Henrici,
1729 1324 1732 1328 ’

599 1408 621 1475 J
623 1408 784 1474 ohannem
805 1404 942 1491 Costyn,
1160 1404 1320 1470 Thomam
1334 1403 1479 1484 Martell‚

598 1494 766 1559 Andream
781 1493 822 1557 de
839 1490 948 1577 Rupe,
1159 1491 1355 1557 Mauritium
1365 1490 1556 1576 Macodrys‚

599 1579 710 1645 David
726 1580 865 1665 Owgan,
1160 1578 1320 1642 Thomam
1332 1577 1537 1655 deSawters,

599 1665 796 1731 Michaelem
808 1665 849 1731 de
862 1663 974 1749 Rupe,
1161 1663 1351 1729 Eustacium
1367 1663 1547 1743 Daundon,

598 1750 710 1819 David
725 1751 864 1838 Myagh,
1160 1750 1359 1837 Gregorium
1373 1750 1519 1815 Walens.

555 1882 624 1957 Qui
636 1880 739 1970 jurati
754 1880 868 1945 dicunt
882 1901 942 1965 per
961 1891 1208 1955 sacramentum,
1223 1879 1313 1965 quod
1331 1901 1436 1944 unum
1452 1877 1676 1965 messuagium
1691 1886 1728 1941 66

510 1992 578 2037 una
600 1980 749 2036 carucata
773 1978 866 2033 terra
888 1964 1028 2031 Walteri
1050 1964 1111 2032 filii
1134 1965 1306 2032 Willielmi
1327 1965 1368 2030 (16
1392 1966 1499 2051 Barry
1522 1987 1599 2031 cum
1618 1961 1728 2051 perti·

511 2057 631 2122 nentiis
650 2055 686 2120 in
700 2054 842 2119 Dromor
860 2050 1000 2151 Odyryn
1022 2063 1176 2117 tenentur
1200 2053 1241 2118 de
1265 2051 1429 2137 Episcopo
1452 2050 1556 2118 Olone
1580 2051 1623 2116 de
1642 2049 1727 2138 jure

511 2140 655 2206 ecclesia
670 2163 749 2216 suae,
770 2161 830 2223 per
853 2137 1022 2203 servitium
1039 2136 1180 2203 faciendi
1203 2149 1322 2205 sectam
1346 2138 1446 2203 curiae
1466 2138 1547 2205 dicti
1561 2132 1727 2223 Episcopi

513 2226 603 2310 apud
629 2224 727 2304 Coul,
750 2225 791 2288 (16
816 2246 874 2289 xv.
901 2222 936 2288 in
959 2245 1015 2289 xv.
1044 2246 1118 2309 que
1138 2224 1250 2291 valent
1274 2247 1333 2310 per
1357 2247 1478 2291 annum
1505 2225 1541 2290 in
1567 2223 1726 2290 omnibus

511 2311 657 2377 exitibus
678 2308 845 2375 dimidiam
868 2331 984 2373 marcae
1006 2320 1040 2375 66
1062 2332 1129 2375 non
1152 2311 1241 2396 plus,
1262 2311 1341 2397 quia
1359 2323 1459 2377 vasta
1725 2341 1728 2346 ⁴

555 2397 719 2464 Johannes
736 2395 848 2546 Anpas
866 2394 907 2459 dc
927 2394 1071 2481 Brewhy
1083 2395 1162 2462 fecit
1179 2396 1310 2462 domino
1328 2396 1527 2485 homagium,
1541 2396 1596 2462 die
1614 2359 1728 2462 Lunae

510 2484 659 2571 proximo
685 2493 761 2568 post
801 2494 906 2546 estum
932 2481 1078 2547 omnium
1105 2482 1308 2559 Sanctorum,
1335 2506 1419 2548 anno
1446 2484 1533 2569 regis
1561 2480 1724 2548 Edwardi

510 2572 599 2638 tertii
621 2581 697 2657 post
719 2580 932 2654 conquestum
956 2568 1087 2647 xxxix,
1108 2581 1141 2635 et
1164 2569 1318 2657 cognovit
1337 2570 1507 2636 tancrede
1527 2568 1659 2635 domino
1684 2568 1723 2633 in

511 2658 656 2747 Breuhy
672 2656 695 2723 i.
711 2667 893 2722 carucatam
912 2666 1019 2735 terrae,
1036 2678 1111 2721 cum
1129 2656 1264 2722 dimidia
1283 2679 1344 2741 per
1360 2655 1494 2723 servitia
1513 2655 1603 2722 xiiia.
1618 2654 1721 2730 iiiia,

511 2760 545 2814 et
559 2747 580 2813 i.
596 2746 649 2813 tit.
666 2766 759 2824 cere,
774 2754 808 2809 66
823 2742 1002 2809 communis
1023 2755 1117 2809 66666
1133 2743 1242 2821 curia,
1255 2743 1412 2829 homagii,
1425 2741 1601 2823 fidelitatis,
1616 2739 1723 2827 perti·

510 2833 623 2901 nentia
637 2832 680 2899 ad
694 2831 861 2898 dominum
876 2841 909 2897 et
926 2829 1050 2897 curiam
1068 2830 1109 2897 (16
1125 2830 1211 2897 Coul
1225 2828 1371 2917 Colings.

554 3005 643 3069 Hmo
661 3016 709 3070 est
726 3003 831 3071 finalis
849 3004 1027 3070 convencio
1045 3004 1129 3070 sacta
1149 3004 1234 3071 inter
1250 3003 1418 3070 dominum
1430 3002 1602 3069 Danielem
1619 2999 1721 3085 Epis·

510 3111 628 3171 copnm
659 3088 762 3153 Clone
793 3101 826 3153 et
855 3090 1073 3155 Willielmum
1102 3090 1144 3155 (16
1173 3091 1293 3173 Barry,
1321 3111 1419 3174 super
1449 3087 1642 3174 calumpniis
1675 3086 1720 3151 de

509 3172 730 3239 ecclesiasticis
752 3174 846 3236 terris
868 3174 903 3237 in
926 3172 1167 3259 Kynnelbasyl,
1189 3197 1263 3240 cum
1285 3188 1477 3252 assensum
1497 3195 1668 3251 consensu,
1684 3184 1721 3239 et

509 3256 643 3324 consilio
673 3256 851 3321 communis
881 3256 1025 3337 Capituli
1056 3260 1097 3322 (16
1128 3258 1243 3335 Olane,
1272 3259 1354 3324 scilt.
1385 3259 1476 3368 (pund
1505 3260 1644 3325 ecclesia
1674 3259 1721 3325 (16

509 3341 727 3427 Coulcollyng
750 3361 824 3404 cum
846 3339 890 3404 vi.
907 3342 1080 3406 carrucatis
1102 3352 1208 3422 terrae,
1227 3343 1357 3407 domino
1380 3344 1544 3427 lapisccpo
1567 3344 1722 3428 predicto

508 3440 684 3506 remaneat,
712 3437 745 3493 66
774 3425 841 3490 suis
867 3426 1105 3492 successoribus
1132 3426 1402 3512 inperpetuum,
1428 3450 1502 3491 cum
1527 3429 1647 3494 nativis
1675 3430 1721 3498 ad

508 3516 688 3604 predictam
706 3511 873 3579 ecclesiam
895 3510 936 3575 de
959 3509 1045 3578 Ooul
1067 3512 1315 3598 pertinentibus,
1333 3525 1366 3578 et
1383 3513 1425 3579 ad
1440 3513 1542 3578 dictas
1559 3513 1604 3579 vi.
1623 3537 1720 3583 caru·

509 3616 594 3671 catas
608 3615 715 3682 terra,
732 3600 816 3666 sicut
831 3596 1023 3686 premissum
1039 3612 1135 3666 estet
1156 3612 1242 3665 terra
1261 3600 1445 3666 ambulatur
1462 3614 1496 3665 et
1509 3613 1719 3669 mensuratur

533 3714 568 3756 er
596 3688 718 3776 legales
746 3687 905 3753 homines.
949 3685 995 3751 Et
1024 3685 1130 3752 dictus
1159 3686 1342 3773 Episcopus
1372 3699 1406 3753 66
1434 3708 1634 3754 successores
1663 3688 1719 3755 sui

508 3714 650 3843 labeant
672 3776 729 3862 jus
758 3785 948 3859 patronatus
971 3772 1007 3837 in
1032 3773 1119 3839 dicta
1145 3773 1280 3839 ecclesia
1306 3774 1348 3840 (16
1372 3773 1469 3855 Gaul,
1491 3788 1525 3840 et
1551 3786 1719 3840 carucatas

508 3876 603 3930 terrae
625 3862 874 3947 prenominatae.
920 3860 1006 3925 Item
1027 3859 1164 3926 ecclesia
1184 3861 1226 3926 de
1249 3859 1391 3927 Dromor
1413 3883 1488 3927 cum
1504 3884 1538 3927 v.
1556 3859 1717 3926 carucatis

509 3962 603 4017 terra
627 3946 941 4034 circumjacentibus,
955 3946 1040 4012 sicut
1058 3947 1251 4032 premissum
1265 3958 1326 4024 666,
1342 3961 1375 4015 66
1392 3960 1480 4014 terra
1492 3945 1717 4033 perambulate

509 4050 543 4103 ot
563 4043 747 4101 mensurata
768 4056 826 4117 per
848 4032 970 4119 legales
991 4032 1150 4115 homines,
1165 4034 1252 4101 dicto
1270 4032 1434 4119 Episcopo
1452 4046 1486 4101 et
1502 4034 1570 4099 suis
1587 4055 1714 4099 succes·

509 4122 648 4202 acribus,
666 4140 741 4184 cum
759 4118 875 4183 nativis
893 4118 1072 4186 addictam
1090 4121 1258 4187 ecclesiam
1276 4121 1317 4185 de
1336 4121 1479 4189 Dromor
1497 4120 1665 4207 Odyrryn,
1679 4129 1719 4205 et,

509 4211 551 4275 ad
573 4210 674 4275 dictas
694 4228 726 4272 v.
746 4216 909 4269 carucatas
930 4216 1026 4271 terre
1049 4204 1324 4293 [pcrtinentibus],
1345 4230 1420 4273 cum
1434 4208 1511 4294 jure
1526 4216 1713 4291 patronatus

509 4296 684 4362 earundem
711 4292 746 4357 in
773 4302 970 4377 perpetuum
996 4306 1169 4361 remaneat.
1224 4294 1309 4359 Item
1337 4294 1365 4358 si
1393 4294 1499 4359 dictus
1530 4292 1721 4378 Episcopus:
