3825 5059
822 382 870 453 st

237 566 455 653 Episcopum,
468 577 610 634 sanctam
623 578 757 632 matrem
767 562 957 640 Ecclesiam,
968 561 1178 649 clerumque,
1188 574 1334 631 tenentes
1345 563 1447 649 ipsius

237 652 412 738 Episcopi,
436 664 469 719 et
493 653 632 719 maxime
656 652 803 717 Priorem
827 662 860 716 et
880 649 1088 716 conventum
1112 650 1273 734 prioratus
1297 652 1447 736 predicti,
1490 730 1495 740 ἱ

235 737 404 819 libertate,
420 750 453 803 et
468 737 649 823 privilegiis
664 736 731 803 suis
747 735 951 815 omnimodis,
966 736 1145 801 secundum
1156 735 1233 822 jura
1247 737 1401 802 canonica
1415 751 1447 803 et

235 834 362 889 statuta
375 824 498 910 regalia
514 824 562 889 eis
580 822 749 903 concessis,
771 822 938 907 permittet
956 820 1088 907 pacifice
1106 822 1262 907 gaudere,
1280 823 1326 889 ita
1343 822 1446 889 libere

235 908 326 975 sicut
339 910 446 995 primo
461 909 648 997 gaudebant
666 921 700 974 et
720 918 813 973 erant
832 906 969 973 fundati.
1014 906 1060 971 Et
1078 906 1106 971 si
1122 907 1288 993 contingat
1305 909 1447 975 eundem

237 993 439 1061 Mauritium
471 994 627 1080 premissa
662 993 840 1093 infringere
871 992 925 1059 vel
961 992 1174 1078 quovismodo
1210 995 1446 1075 contravenire,

264 1082 333 1145 nod
355 1078 449 1159 absit,
473 1080 560 1145 ultra
583 1091 616 1147 et
640 1080 789 1145 concedit
813 1100 971 1143 summam
992 1076 1068 1144 xltt.
1093 1100 1154 1162 pro
1180 1100 1246 1164 qua
1269 1079 1446 1147 Mauritius

237 1101 348 1231 haket
368 1166 455 1231 dicto
477 1165 640 1251 Episcopo
658 1166 700 1231 de
722 1165 865 1231 emendis
883 1162 1173 1249 transgressionum
1188 1175 1447 1248 perpetratarum

237 1249 398 1317 faciendis
419 1250 651 1338 impignoravit
675 1249 863 1335 duplicare;
886 1248 993 1315 eidem
1017 1249 1047 1313 E
1071 1250 1182 1334 iscopo
1204 1248 1361 1316 solvendo
1384 1250 1445 1316 sub

238 1336 438 1437 obligatione
461 1336 606 1403 omnium
627 1336 786 1403 bonorum
806 1356 957 1401 suorum:
982 1347 1016 1401 et
1072 1334 1172 1401 terius
1187 1334 1360 1401 inrcatum
1372 1358 1446 1421 per-

233 1420 329 1506 juris,
344 1434 441 1509 atque
460 1421 690 1507 suspensionis,
709 1419 1063 1501 excommunicationis,
1077 1432 1111 1486 et
1127 1420 1305 1500 interdicti,
1319 1434 1446 1488 senten·

239 1508 302 1573 tias
318 1509 390 1593 ipso
405 1508 491 1575 iacto
508 1507 672 1588 incidisse,
687 1520 720 1573 et
737 1505 895 1592 peculiari
912 1505 1034 1591 absque
1052 1506 1208 1573 citacione
1223 1506 1278 1575 vel
1292 1530 1446 1592 processu

240 1594 374 1675 publice
400 1593 618 1679 pronunciari.
673 1592 717 1658 Et
745 1593 786 1659 ad
814 1590 921 1658 omnia
950 1604 985 1657 et
1009 1592 1139 1678 singula
1164 1594 1330 1677 premissa,
1361 1594 1445 1659 bene

240 1678 381 1745 fideliter
401 1692 434 1747 et
451 1679 656 1746 inviolabiter
674 1678 886 1757 observanda,
900 1677 1015 1757 verbo,
1034 1700 1147 1761 opere,
1162 1690 1195 1743 et
1209 1678 1307 1759 facto,
1321 1680 1444 1767 absque

241 1764 330 1844 dolo,
348 1765 475 1846 fraude,
496 1764 633 1845 malicia,
657 1764 711 1831 vel
731 1763 846 1831 fictitia
869 1762 990 1849 aliqua,
1013 1762 1119 1829 dictus
1141 1763 1329 1845 Mauritius,
1353 1768 1445 1833 tactis

241 1851 449 1917 sacrosanctis
466 1850 655 1937 Evangeliis
672 1850 838 1935 corporale
857 1848 998 1933 prestitit
1013 1847 1245 1949 juramentum.
1291 1850 1333 1916 In
1351 1853 1444 1939 cujus

242 1935 291 2001 rei
305 1936 538 2016 testimonium,
555 1935 700 2021 prefatus
725 1935 766 2001 G.
788 1935 972 2020 Episcopus
995 1934 1140 2021 sigillum
1158 1958 1265 2013 suurn,
1285 1950 1319 2003 et
1339 1938 1445 2003 dictus

243 2020 466 2100 Mauritiusmi
492 2022 547 2087 'llo
559 2044 617 2087 suo
629 2021 772 2101 absente,
781 2019 923 2105 sigillum
934 2020 1096 2105 privatum
1108 2020 1216 2087 fratris
1225 2022 1446 2090 Bartholomei

243 2106 364 2173 Prioris
379 2107 459 2173 dicti
502 2106 651 2187 rioratus,
666 2106 742 2173 huic
755 2107 937 2172 indenturae
953 2105 1135 2173 alternatim
1150 2108 1271 2193 apponi
1285 2107 1443 2176 fecerunt.

243 2192 366 2263 Datum
389 2194 454 2271 die,
476 2216 574 2271 anno,
600 2204 634 2259 ct
654 2192 726 2258 loco
749 2191 913 2277 predictis,
933 2192 997 2257 hiis
1017 2192 1152 2259 testibus
1174 2192 1273 2258 fratre
1294 2194 1444 2261 Johanne

242 2276 354 2364 Lange
381 2278 495 2344 Priora
521 2278 689 2345 Prioratus
712 2278 822 2345 Sancti
848 2277 982 2344 Thomae
1008 2277 1154 2344 Martiris
1178 2280 1277 2366 juxta
1302 2280 1445 2363 Bothon,

243 2363 262 2427 J
265 2364 392 2430 ohanne
410 2363 523 2451 Meyle
538 2363 789 2441 Archidiaeono,
804 2386 835 2429 m
879 2362 954 2429 ‘stro
975 2363 1119 2431 Roberto
1138 2364 1262 2447 Rochc,
1281 2366 1444 2434 canonico

243 2448 358 2527 Glone,
372 2472 500 2515 necnon
517 2461 550 2516 et
570 2450 593 2515 J
594 2450 721 2515 ohanne
738 2449 806 2515 filio
867 2448 993 2515 illielmi
1013 2450 1054 2515 de
1070 2450 1180 2536 Rupe,
1194 2452 1385 2519 Alexandro
1403 2455 1444 2519 de

243 2533 351 2621 Rupe,
365 2535 545 2601 Willielmo
561 2534 689 2602 Dutton
704 2536 842 2615 notorio,
855 2546 888 2601 et
900 2535 1012 2602 multis
1027 2535 1107 2604 aliis.

236 2752 242 2763 ·
283 2705 456 2773 Vrcsslsso
477 2718 568 2773 sexto
592 2706 644 2772 die
664 2705 781 2771 mensis
803 2706 940 2791 Aprilis,
960 2727 1044 2771 anno
1063 2707 1156 2807 regui
1178 2707 1315 2774 Henrici
1336 2709 1445 2792 quarti

240 2805 315 2877 post
329 2815 389 2858 con
415 2804 543 2860 uastum
560 2792 613 2857 Aa
636 2792 688 2858 liae
704 2804 831 2877 quarto,
852 2793 886 2856 in
911 2814 1038 2858 camera
1060 2792 1248 2875 principalis
1271 2794 1444 2859 mansionis

241 2878 365 2943 domini
388 2816 520 2943 lhomae
542 2878 594 2963 Og
626 2900 702 2957 van,
724 2890 804 2943 tunc
827 2877 954 2943 Vicarii
975 2876 1116 2941 ecclesiae
1138 2877 1246 2942 Beatae
1267 2876 1381 2943 Marisa
1401 2880 1443 2945 de

240 2962 390 3050 Yoghill,
405 2964 502 3050 juxta
521 2964 722 3029 cemiterium
743 2964 876 3042 ibidem,
896 2962 1046 3027 dominus
1068 2961 1209 3027 Jacobus
1228 2962 1261 3028 lc
1283 2962 1443 3050 Botyller,

240 3048 357 3115 Comes
382 3050 539 3129 Ormond,
563 3050 724 3115 Dominus
752 3047 930 3114 medietatis
956 3046 1098 3113 baroniae
1121 3049 1163 3112 dc
1187 3047 1386 3137 Inchecoyn,
1410 3066 1444 3119 et

239 3134 399 3201 firmarius
424 3134 556 3201 alterius
577 3134 758 3201 medietatis
778 3134 873 3199 dictae
897 3132 1051 3212 baroniae,
1073 3132 1151 3199 fecit
1173 3134 1361 3223 homagium
1381 3161 1442 3222 pro

239 3220 327 3287 dicta
338 3220 470 3286 baronia
481 3219 612 3285 domino
624 3219 767 3286 Geraldo
782 3220 847 3286 Dei
862 3218 971 3305 gracia
983 3219 1148 3304 Episcopo
1159 3218 1262 3287 Olone
1278 3234 1311 3289 et
1319 3224 1444 3309 juravit

239 3306 301 3370 sibi
325 3307 367 3371 dc
391 3305 545 3373 fidelitate
557 3306 770 3385 ¹observanda
792 3306 827 3371 in
842 3305 956 3383 forma,
971 3318 1005 3372 ct
1024 3329 1083 3392 per
1098 3330 1194 3373 suum
1208 3307 1395 3395 homagium
1411 3324 1444 3377 et

239 3389 428 3458 fidelitatem
454 3392 606 3479 cognovit
629 3414 663 3455 se
687 3403 798 3457 tenere
821 3392 862 3457 de
883 3392 1020 3459 ecclesia
1040 3392 1151 3459 Sancti
1172 3392 1320 3460 Colmani
1340 3395 1443 3462 Clone

239 3488 272 3541 et
284 3478 371 3543 dicto
383 3476 546 3562 Episcopo
560 3487 663 3541 totum
677 3476 855 3543 manerium
868 3480 908 3544 de
923 3479 1157 3564 lnchccoying,
1169 3488 1212 3542 ut'
1220 3480 1442 3561 supradictum
1465 3499 1469 3503 “

239 3573 300 3642 est,
314 3586 387 3630 cum
402 3586 432 3629 v.
447 3564 545 3644 villis,
560 3564 652 3629 vidlt.
667 3562 781 3650 Kylle,
792 3562 954 3651 Yoghull,
969 3576 1002 3630 et
1017 3564 1087 3629 aliis
1102 3563 1188 3629 villis
1202 3586 1262 3649 per
1275 3564 1443 3630 servitium

240 3648 282 3714 vi.
299 3648 468 3715 feodorum
482 3650 634 3730 militum,
649 3661 683 3714 ct
699 3672 759 3734 per
776 3648 974 3735 homagium,
990 3660 1024 3713 et
1037 3647 1237 3727 fidelitatem,
1253 3660 1287 3713 et
1301 3670 1442 3716 commu·

239 3756 315 3799 nem
329 3746 449 3801 sectam
463 3736 505 3800 ad
526 3736 647 3801 curiam
663 3735 704 3801 de
720 3734 835 3812 Clone,
849 3748 881 3801 et
896 3757 955 3819 per
977 3731 1108 3800 servitia
1121 3733 1176 3799 iia.
1188 3755 1249 3817 per
1264 3756 1395 3815 annum,
1410 3750 1443 3803 et

238 3818 332 3887 iiils'd.
348 3842 442 3901 certe,
457 3832 490 3887 et
504 3820 586 3889 iitit.
603 3822 643 3887 de
659 3842 784 3907 comyn.

281 3990 385 4057 Novo
399 3991 451 4057 die
464 3992 581 4058 mensis
594 3990 793 4077 Septembris
809 4014 892 4055 anno
907 3990 1041 4056 Domini
1054 3989 1223 4056 millesimo
1236 4014 1320 4058 cccc.
1334 3995 1440 4069 tertio,

237 4076 403 4143 Johannes
418 4078 504 4143 filius
524 4078 656 4145 Thomae
678 4076 737 4141 filii
758 4078 779 4141 J
781 4077 916 4141 ohannis
938 4076 1138 4162 Macgybon,
1152 4076 1187 4141 in
1205 4078 1300 4142 domo
1316 4077 1439 4159 capitu·

236 4161 295 4229 lari
308 4162 474 4229 Prioratus
485 4164 595 4230 Sancti
607 4162 739 4229 Thomas
750 4162 896 4227 Martius
907 4164 1005 4249 juxta
1015 4162 1156 4241 Bothon,
1165 4163 1241 4227 sccit
1253 4162 1438 4246 homagium

236 4248 366 4315 domino
387 4248 529 4317 Geraldo
548 4250 612 4316 Dei
627 4247 730 4335 gratia
751 4248 914 4335 Episcopo
935 4249 1049 4329 Clone,
1066 4260 1098 4314 et
1114 4248 1311 4334 cognovitne
1328 4259 1437 4314 tenero

1237 4370 1263 4412 11
