3825 5059
1084 456 1133 526 56

507 643 651 721 Psschae,
674 665 757 707 anno
773 640 908 707 Domini
923 639 1092 705 millesimo
1111 661 1194 705 cccc.
1211 638 1375 714 secundo;
1399 636 1544 703 Geraldo
1560 637 1728 703 Gaunton

506 734 542 796 in
566 730 669 794 officio
694 728 896 811 prepositure
921 727 963 789 de
987 726 1103 801 Clone,
1127 724 1199 789 loco
1219 721 1391 788 Willielmi
1413 723 1454 788 de
1479 724 1610 791 Dutton
1632 734 1729 788 tunc

506 814 676 902 prepositi,
690 813 813 878 ibidem
828 812 1045 895 deserviente,
1059 809 1199 876 viola.-

507 948 670 1013 Dominus
686 944 826 1011 Thomas
842 944 1009 1024 Melbron,
1110 944 1310 1009 willielmus
1323 945 1465 1021 Ponson,

508 1034 668 1099 Dominus
684 1033 705 1096 J
708 1031 851 1097 ohannes
867 1031 1050 1115 Meylerus,
1109 1029 1308 1095 Willielmus
1328 1029 1416 1094 filius
1433 1029 1567 1096 Ricardi
1585 1029 1722 1106 Power,

401 1170 410 1185 .
507 1119 530 1185 J
532 1120 674 1184 ohannes
687 1117 774 1182 filius
788 1116 925 1182 Roberti
937 1116 1068 1187 Power,
1111 1116 1253 1181 Jacobus
1269 1115 1470 1198 Sperniosse,

508 1205 530 1270 J
532 1205 675 1269 ohannes
690 1204 731 1267 de
748 1202 865 1267 Sancto
881 1202 902 1266 J
906 1202 1045 1282 ohanne,
1112 1200 1274 1266 Geraldus
1289 1202 1453 1279 Caunton,

509 1290 701 1355 Remundus
717 1288 871 1372 Orompe,
1110 1288 1131 1351 J
1132 1286 1277 1352 ohannes
1292 1286 1452 1363 Demeter,

508 1374 706 1440 Willielmus
722 1373 830 1450 Codd,
1110 1372 1273 1438 Dominus
1288 1371 1448 1437 Ricardus
1463 1372 1598 1458 Oweyn.

552 1525 696 1591 Nomina
713 1534 894 1623 ceterorum
909 1523 1124 1623 burgensium
1142 1524 1236 1589 dictas
1250 1524 1348 1604 ville,
1362 1536 1396 1589 et
1412 1525 1485 1589 loca
1497 1522 1714 1610 burgensium

508 1612 631 1677 ibidem
646 1623 737 1689 tuuc,
752 1622 849 1675 ettam
864 1620 1046 1675 tenentrum
1065 1610 1106 1673 de
1123 1610 1278 1696 scutagio.

554 1745 716 1812 Geraldus
732 1744 894 1825 Caunton,
1175 1743 1315 1808 Thomas
1330 1744 1550 1830 Lyuerlyche,

553 1831 752 1897 Willielmus
768 1831 910 1911 Ponson,
1175 1829 1315 1895 Thomas
1331 1829 1469 1915 Ooonyl,

553 1917 754 1983 Wiiiielmus
770 1916 878 1990 codd,
1175 1914 1337 1980 Ricardus
1352 1915 1459 1995 Codd,

554 2004 695 2069 Thomas
712 2002 887 2080 Serest'eld‚
1177 2000 1369 2066 Remundus
1385 2001 1539 2085 Orompe,

554 2090 576 2155 J
578 2089 720 2154 ohannes
735 2089 777 2152 de
793 2086 911 2153 Sancto
928 2088 949 2151 J
951 2086 1090 2164 ohanne,
1177 2086 1377 2151 Willielmus
1393 2086 1539 2173 Odrady,
1570 2152 1575 2161 ,

554 2174 665 2239 David
680 2172 842 2258 Fleming,
1175 2172 1294 2238 Petrus
1309 2171 1484 2250 Saresfeld,

420 2320 433 2339 „
554 2258 752 2323 Willielmus
768 2257 947 2342 Bretnagh,
1176 2258 1317 2323 Thomas
1335 2258 1512 2323 Macdavid
1526 2257 1653 2336 Walsh,

554 2343 731 2409 Mauritius
747 2343 918 2428 Ogeveny,
992 2398 1000 2407 .
1177 2343 1359 2409 Nicholaus
1374 2343 1493 2428 Barry,

555 2430 672 2495 Petrus
686 2425 831 2513 Freysel,
1177 2429 1198 2492 J
1200 2429 1342 2493 ohannes
1358 2428 1541 2513 Meylerus,

554 2598 752 2665 Willielmus
768 2598 946 2683 Bretnagh,
1178 2598 1343 2665 Jobannes
1360 2599 1520 2686 Oconoyl‚

556 2686 667 2752 David
681 2707 742 2770 oge
758 2682 937 2770 Bretnagh,
1177 2684 1199 2749 J
1201 2686 1344 2750 ohannes
1358 2685 1386 2749 B
1464 2735 1475 2765 ,

555 2772 715 2839 Patricius
731 2769 879 2848 Omelan,
1178 2771 1199 2835 J
1201 2770 1344 2836 ohannes
1358 2708 1611 2858 mbiritoyfford.

556 2945 644 3010 Hinc
661 2945 836 3009 indentura
855 2942 940 3008 facta
953 2942 990 3006 in
1013 2941 1161 3007 Prioratu
1182 2943 1284 3007 beatoe
1307 2940 1422 3006 Mariae
1435 2940 1658 3027 Villae-pontis
1678 2943 1714 3009 in

512 3030 651 3115 Fermoy
677 3028 780 3095 Clone
807 3028 947 3106 diocese,
970 3027 1055 3093 inter
1078 3028 1296 3094 venerabilem
1317 3028 1354 3091 in
1379 3027 1509 3094 Christo
1532 3040 1659 3112 patrem
1682 3041 1715 3094 et

512 3116 679 3180 dominum
705 3114 871 3178 dominum
899 3113 1079 3179 Geraldum
1109 3114 1176 3180 Dei
1203 3128 1236 3180 et
1266 3113 1459 3197 Apostolicae
1487 3113 1580 3179 Sedis
1609 3116 1714 3200 gratia

511 3198 713 3282 Episcopum
733 3198 836 3262 Olone
851 3220 894 3262 ex
940 3210 1008 3264 arte
1022 3222 1099 3276 una,
1113 3210 1147 3264 et
1166 3199 1309 3264 nobilem
1322 3198 1430 3263 virum
1453 3199 1649 3265 Mauritium
1672 3201 1713 3264 de

511 3284 621 3366 Rupe,
648 3282 815 3346 dominum
842 3282 883 3346 de
910 3221 1050 3369 iermoy
1076 3306 1118 3348 ex
1145 3284 1244 3349 altera
1273 3296 1377 3369 parte,
1402 3284 1483 3351 xvii.
1513 3285 1566 3350 die
1596 3286 1713 3351 mensis

511 3368 637 3453 Aprilis
650 3388 734 3430 anno
750 3365 885 3430 Domini
898 3366 1068 3432 millesimo
1083 3390 1165 3433 cccc.
1181 3369 1290 3445 tertio,
1301 3380 1449 3450 testatur,
1465 3372 1556 3455 quod
1567 3372 1712 3455 prefatus
1764 3433 1768 3441 .

511 3451 688 3520 Mauritius
714 3461 900 3535 spontanea,
926 3472 985 3515 sue
1012 3451 1189 3530 voluntate,
1218 3478 1253 3518 se
1280 3454 1399 3519 obtulit
1424 3467 1457 3520 et
1486 3468 1618 3522 tenetur
1645 3479 1712 3521 esse

510 3539 628 3617 fidelis,
651 3535 821 3614 auxilians,
843 3537 968 3613 fovens,
991 3549 1025 3602 et
1049 3549 1261 3604 manutenens
1289 3540 1329 3603 ab
1352 3539 1413 3603 hac
1434 3540 1526 3620 hora,
1549 3541 1584 3606 in
1609 3554 1718 3621 antea,

510 3625 674 3712 prefatum
695 3622 859 3688 dominum
884 3622 1096 3707 Episcopum,
1117 3636 1259 3689 sanctam
1281 3637 1416 3690 matrem
1439 3626 1620 3705 ecclesiam,
1640 3628 1713 3693 uni-

510 3712 668 3779 versalem
695 3710 829 3786 clerum,
855 3720 1002 3775 tenentes
1026 3710 1128 3795 ipsius
1153 3710 1310 3795 Episcopi
1334 3710 1473 3777 ubilibet
1498 3712 1534 3776 in
1562 3713 1714 3799 Fermoy,

511 3810 661 3884 preterea
687 3817 753 3862 non
782 3796 928 3880 imponet
950 3818 1012 3860 nec
1038 3796 1161 3879 imponi
1187 3796 1283 3862 faciet
1308 3797 1423 3882 bonys,
1449 3797 1623 3883 cuydghis,
1652 3822 1713 3864 nec

512 3884 621 3968 aliqua
644 3881 707 3947 alis
729 3880 842 3947 illicita
865 3904 974 3961 onera,
998 3904 1096 3966 super
1120 3882 1244 3948 dictum
1266 3882 1477 3967 Episcopum,
1502 3883 1636 3961 clerum,
1658 3896 1715 3949 aut

512 3969 591 4035 alios
616 3967 857 4043 ecclesiasticos,
878 3967 931 4031 vel
953 3990 1066 4032 eorum
1087 3980 1246 4048 tenentes,
1268 3980 1325 4033 aut
1347 3991 1459 4033 eorum
1483 3968 1713 4034 ecclesiasticas

512 4052 727 4142 possessiones
752 4052 978 4135 quovismodo,
1001 4076 1062 4119 nec
1086 4053 1195 4155 alique
1207 4054 1321 4120 illicita
1335 4077 1435 4119 onera
1455 4054 1496 4119 ab
1511 4054 1644 4133 eisdem,
1659 4054 1713 4119 vel

513 4161 625 4209 eorum
648 4136 770 4222 aliquo,
794 4150 827 4203 et
849 4138 1005 4223 precipue
1028 4140 1069 4204 de
1092 4140 1242 4206 Prroratu
1262 4139 1482 4225 Villa-pontis
1504 4152 1538 4205 et
1560 4140 1646 4207 villa
1671 4139 1712 4205 de

513 4228 653 4297 Glenore
675 4222 796 4309 exiget,
811 4244 919 4307 neque
941 4225 1150 4311 extorquebit
1169 4248 1230 4312 per
1251 4247 1285 4290 se
1306 4226 1360 4293 vel
1381 4248 1468 4304 suos,
1482 4238 1539 4291 aut
1559 4225 1713 4310 premissa

512 4312 584 4379 fieri
608 4309 700 4379 nullo
730 4308 825 4375 modo
853 4310 1033 4377 secundum
1062 4334 1155 4395 posse
1184 4311 1361 4396 permittet,
1388 4312 1522 4391 scilicet,
1549 4310 1713 4397 prefatum
