3825 5059
827 440 874 515 35

244 628 515 715 calumpniatorit
538 652 557 696 a
582 629 670 696 dicto
692 626 871 694 Willielmo
900 626 1007 712 Bsrry
1028 624 1140 712 aliquo
1162 626 1204 692 de
1230 626 1296 693 suis
1323 626 1453 708 nativis,

244 716 338 781 illum
361 717 478 783 habeat
495 739 554 800 per
564 718 785 804 juramentum
801 714 859 781 xii.
878 712 1032 799 legalium
1049 713 1307 780 Hibernicorum
1317 740 1326 793 ;
1353 714 1453 779 simil·

242 801 308 867 iter
335 802 440 868 dictus
471 804 671 869 Willielmns
700 826 719 867 a
749 802 834 865 dicto
866 801 1041 886 Episcopo.
1109 802 1154 866 Et
1183 812 1221 867 ut
1246 801 1317 867 haec
1346 801 1451 867 finalis

243 888 418 956 concordia
434 889 520 955 facta
542 913 626 955 anno
651 889 691 955 ab
716 887 943 954 Incarnatione
967 886 1102 953 Domini
1122 887 1293 954 millesimo
1308 910 1355 955 cc.
1370 888 1453 966 xxi,

244 987 279 1040 et
296 987 335 1039 ut
350 975 420 1043 hsec
438 976 609 1042 conventio
624 975 727 1041 robur
744 974 899 1059 optineat,
916 986 949 1039 et
967 972 1059 1040 nulla
1079 973 1282 1040 cavillatione
1302 974 1452 1041 adversa·

243 1060 369 1126 riorum
386 1061 493 1127 valeat
513 1060 675 1147 impediri,
690 1060 798 1147 sigilla
811 1060 1044 1146 predictorum,
1059 1061 1142 1127 scilt.
1158 1060 1281 1125 domini
1295 1060 1452 1147 Episcopi

243 1146 470 1227 etWillielmi,
478 1147 682 1235 presentibus
695 1147 821 1233 scriptis
833 1158 910 1213 sunt
921 1170 1074 1232 appensa.
1098 1146 1221 1213 Datum
1233 1147 1322 1231 apud
1334 1147 1451 1227 Clons,

242 1230 277 1297 in
306 1232 534 1300 Purificatione
565 1235 674 1300 Beatae
703 1233 818 1298 Mariae
840 1232 1001 1320 Virginis,
1028 1257 1113 1300 anno
1142 1233 1314 1318 conquesti
1340 1255 1450 1317 supra.

243 1319 321 1385 Hiis
344 1321 480 1410 testibus
501 1322 703 1407 subscriptis,
726 1319 839 1385 Priore
862 1319 1030 1385 Katerinoe
1053 1320 1255 1396 waterford,
1270 1318 1451 1385 Willielmo

242 1405 285 1471 de
316 1407 479 1487 (luuntur,
507 1408 687 1473 Willielmo
718 1408 758 1471 de
786 1406 917 1473 Conton
943 1406 1084 1483 seniore,
1114 1406 1276 1493 Gregorio
1302 1404 1452 1485 Walens,

241 1491 409 1579 Stephano
430 1494 498 1560 filio
521 1493 668 1559 Roberti.
1448 1526 1454 1538 ·

286 1664 547 1733 Mnuontsnnn
560 1667 660 1753 ‘quod
682 1666 703 1732 J
706 1666 848 1732 ohannes
870 1665 1035 1752 Wytecod
1057 1664 1239 1751 Episcopus
1260 1663 1364 1731 Cloue
1385 1662 1585 1735 luiturum.

242 1751 333 1836 apud
346 1752 436 1819 Corlr
452 1776 526 1818 cum
541 1752 726 1819 Justiciario
743 1752 865 1818 domini
881 1752 993 1838 Regis,
1005 1764 1041 1818 ct
1052 1752 1186 1818 intravit
1203 1750 1451 1833 cancellariam,-

242 1837 301 1903 ubi
329 1838 455 1906 invenit
483 1839 616 1905 clericos
642 1840 818 1905 scribentes
845 1860 1033 1924 processum
1059 1839 1100 1904 de
1129 1838 1283 1917 Dromor,
1309 1850 1343 1905 et
1372 1838 1450 1907 fecit

241 1923 396 1991 clericum
422 1950 516 1991 suum
545 1927 658 1991 sedere
686 1938 720 1990 et
745 1925 886 1990 scribere
913 1936 1014 1990 totam
1036 1948 1176 2004 eausam,
1199 1923 1257 1989 ubi
1278 1946 1449 2009 processus

241 2011 377 2091 exstitit,
389 2035 462 2098 quae
478 2012 565 2078 dicta
582 2025 668 2078 terra
684 2011 747 2077 suit
761 2010 904 2097 captain
922 2034 1022 2076 manu
1040 2010 1163 2077 domini
1181 2010 1293 2095 Regis,
1308 2010 1388 2097 quia
1402 2012 1450 2077 di·

241 2097 376 2163 cebatur
396 2098 486 2184 quod
508 2098 657 2163 dominus
684 2097 849 2163 Johannes
870 2098 976 2185 Barry
994 2098 1054 2183 qui
1073 2096 1179 2163 tenuit
1200 2108 1302 2161 terras
1323 2119 1398 2163 suas
1414 2097 1450 2164 in

240 2184 347 2267 eapite
363 2208 382 2249 a
397 2184 488 2271 Rege
503 2184 650 2251 feoffavit
664 2185 766 2250 dictas
788 2196 901 2261 terras,
916 2184 1007 2269 quod
1022 2208 1088 2249 non
1102 2183 1212 2268 potuit
1228 2181 1298 2249 sine
1312 2183 1450 2251 licencia

241 2268 351 2353 Regis.
396 2270 495 2337 Unde
522 2271 672 2337 dominus
700 2270 899 2337 Willielmus
927 2270 1015 2336 lilius
1045 2269 1156 2336 David
1183 2270 1224 2335 de
1255 2269 1362 2371 Barip
1386 2271 1449 2337 hoe

240 2356 376 2421 audiens
391 2360 579 2441 procuravit
600 2357 696 2423 talem
719 2358 964 2443 inquisitionem
981 2371 1015 2423 et
1032 2379 1319 2443 processumque
1341 2360 1448 2446 tuqui·

240 2441 313 2506 sitio
338 2442 418 2509 salso
446 2444 582 2509 dictavit
602 2457 636 2510 et
661 2444 746 2509 dixit
772 2457 846 2524 etc„
870 2444 948 2530 quia
969 2467 1005 2508 re
1028 2467 1108 2511 vera
1132 2444 1226 2509 dictae
1252 2444 1346 2510 terroe
1371 2457 1449 2511 sunt

239 2540 333 2593 terrae
356 2529 522 2597 dominicae
546 2530 702 2616 Episcopi
729 2530 845 2611 Glone,
872 2542 905 2595 et
927 2530 1095 2597 continent
1114 2529 1150 2595 in
1172 2554 1207 2597 se
1228 2553 1261 2596 v.
1282 2544 1447 2597 carucatas

239 2626 345 2692 term,
371 2631 470 2701 prout
496 2619 530 2683 in
558 2618 685 2684 Missali
713 2618 754 2683 de
785 2617 870 2683 Coul
900 2617 1097 2695 continetur,
1126 2640 1187 2702 per
1214 2615 1448 2681 consessionem

239 2701 319 2767 dicti
332 2703 456 2769 domini
471 2704 492 2769 J
494 2705 629 2769 ohannis
645 2704 762 2789 Barry,
774 2715 808 2769 et
822 2703 980 2788 seriptum
995 2716 1042 2769 cst
1058 2704 1092 2767 in
1107 2714 1266 2787 quaterna
1281 2701 1447 2786 Episcopi.

239 2786 285 2852 Et
304 2790 381 2874 quia
398 2790 533 2855 fuerunt
550 2805 615 2855 tres
635 2789 788 2874 Episcopi
806 2790 841 2854 in
858 2789 1095 2855 successiones
1113 2802 1178 2853 tem
1203 2809 1342 2872 oreque
1359 2788 1448 2852 dicta

237 2885 325 2939 terra
349 2876 414 2939 suit
437 2876 478 2939 ad
502 2875 687 2953 terminum,
711 2874 834 2939 debiles
859 2886 892 2939 et
920 2887 1087 2939 senectute
1110 2811 1277 2947 coellacti,
1298 2872 1357 2958 qui
1380 2896 1446 2939 non

236 2972 418 3042 potueruut
438 2971 505 3025 toto
525 2974 671 3045 tempore
692 2982 804 3024 eorum
824 2960 1026 3044 implacitare
1047 2959 1215 3023 domiuum
1230 2958 1447 3026 Willielmum

237 3046 346 3131 Barry
366 3056 500 3130 propter
524 3045 596 3197 ἷξε
617 3046 807 3130 potentiam,
828 3056 861 3111 et
884 3044 1106 3126 collusionem,
1128 3056 1162 3109 et
1185 3044 1367 3124 maliciam
1388 3047 1447 3133 qui

236 3131 342 3196 dictus
358 3132 508 3197 dominus
570 3132 724 3198 illiclmus
740 3131 823 3198 vixit
838 3131 872 3195 in
891 3131 977 3196 bono
993 3144 1091 3211 statu,
1102 3132 1178 3197 satis
1195 3131 1287 3197 fortis
1306 3133 1340 3199 in
1356 3136 1446 3200 curia

237 3216 360 3283 domini
374 3218 475 3305 Regis
490 3242 594 3306 usque
609 3221 651 3283 ad
666 3218 829 3305 octoginta
843 3242 944 3283 annos
962 3218 1097 3284 incluse.

238 3344 399 3415 Dominus
414 3347 591 3436 Dionysius
601 3350 740 3437 Ogowu,
772 3347 922 3414 Clcmcnt
934 3346 1076 3428 Russell,

239 3432 338 3499 Dank
353 3434 465 3502 Roche
772 3435 931 3501 Patricius
946 3436 1082 3520 Odwyr,
1104 3448 1136 3504 et
1144 3436 1254 3503 David
1260 3436 1446 3525 Okcnncdy

237 3518 402 3587 Johannes
418 3523 590 3603 Ohnnnan,
770 3520 901 3608 Myllon
917 3522 1042 3603 Roche,

282 3650 351 3721 Qui
375 3650 479 3739 jurati
516 3651 632 3717 dicunt
661 3652 752 3737 quod
781 3650 957 3735 Philippus
988 3649 1172 3736 Okenncdy
1206 3661 1240 3714 ct
1278 3650 1444 3715 ilenricus
1457 3661 1561 3713 Olenos.

237 3734 421 3825 Okennedy
449 3738 571 3803 habent
601 3740 642 3802 de
674 3738 804 3802 domino
835 3738 999 3821 Episcopo
1029 3735 1134 3802 Clone
1163 3736 1199 3799 in
1228 3736 1372 3799 manerio
1400 3735 1443 3801 (le

237 3820 358 3888 Clenor
376 3848 478 3889 unum
501 3824 721 3911 messuagium
744 3846 817 3888 eum
837 3824 896 3887 iiii.
915 3823 996 3888 acris
1013 3833 1120 3900 terrae,
1136 3821 1176 3885 de
1195 3820 1291 3885 terris
1310 3820 1443 3887 Thomas

237 3907 383 3996 Yhenny
397 3911 455 3996 qui
473 3910 610 3977 decessit
627 3912 696 3975 sine
718 3910 856 3975 herede:
879 3908 969 3995 quod
987 3907 1120 3993 quidem
1133 3906 1351 3993 messuagium
1369 3931 1443 3974 curn

235 3996 438 4079 pertinentiis
461 3998 550 4085 jacet
570 3998 656 4063 inter
678 4011 779 4062 terras
801 3994 925 4059 domini
952 3993 1104 4079 Dionysii
1125 3993 1256 4079 Ygown
1282 4018 1325 4060 ex
1350 4010 1443 4081 parte

236 4082 397 4165 orientali,
417 4106 454 4150 ac
481 4084 698 4169 messuaginm
722 4081 820 4147 Dank
843 4078 955 4145 Roche
978 4091 1012 4145 et
1032 4079 1191 4145 Johannis
1212 4080 1378 4147 Yhennan
1400 4104 1444 4146 ex

235 4181 328 4253 parte
359 4171 562 4249 occidentali,
597 4171 631 4235 in
661 4168 845 4243 latitudine,
876 4167 962 4232 inter
988 4178 1089 4231 terras
1117 4167 1291 4234 dominicas
1320 4167 1444 4232 domini

236 4256 404 4342 Episcopi,
414 4281 456 4323 cx
469 4271 561 4344 parte
574 4254 718 4334 australi,
728 4266 761 4319 et
776 4265 876 4318 terras
889 4251 1028 4337 predicti
1043 4254 1142 4319 Dank
1154 4278 1198 4320 ex
1211 4264 1302 4339 parte
1315 4251 1444 4331 boriali,

229 4341 328 4427 juxta
343 4346 428 4409 riam
444 4366 517 4430 quse
534 4343 640 4408 Boton
656 4340 768 4419 ducit;
790 4362 850 4425 per
868 4338 1035 4405 servitium
1049 4339 1133 4406 xiid.
1149 4363 1207 4425 per
1223 4360 1355 4407 annum.
