3825 5059
1091 459 1139 527 44

537 640 601 707 acis
630 638 812 727 subscripta
842 641 975 707 tandem
1009 640 1207 726 conquievit,
1240 643 1406 721 videlicet,
1439 642 1539 713 Quod
1571 640 1741 727 prefatus

513 665 543 793 E
568 726 709 811 iscopus,
728 750 788 811 pro
803 748 837 791 se
852 739 886 791 et
900 728 1138 792 successoribus
1158 728 1236 808 suis,
1256 729 1297 794 de
1321 729 1493 793 concordia
1509 727 1689 804 unanimi,
1705 740 1743 791 et

511 750 679 877 voluntate
700 813 800 878 totius
815 812 962 897 Capituli
978 814 1029 877 sui
1049 811 1166 891 Olane,
1185 836 1281 879 omne
1300 815 1357 901 jus
1380 826 1415 878 et
1434 814 1613 891 clameum,
1638 813 1742 897 quod

510 897 581 983 ipse
597 910 630 961 et
647 920 847 963 successores
868 898 920 962 sui
939 897 1080 963 habeant
1100 921 1159 963 seu
1177 898 1296 964 habere
1315 910 1480 984 poterunt,
1497 910 1562 963 tam
1584 899 1629 962 in
1649 911 1740 961 tem·

510 982 675 1068 poralibus
702 1005 800 1068 quam
825 984 861 1047 in
890 982 1154 1048 advocationibus
1180 996 1214 1048 et
1235 985 1312 1071 jure
1337 995 1527 1070 patronatus
1553 996 1740 1047 terrarum

511 1068 775 1153 subscriptarum,
795 1068 910 1148 silicet,
926 1067 1090 1152 Clonpris‚
1108 1068 1312 1153 Balycheran
1329 1084 1363 1135 et
1380 1069 1570 1153 Inchekoyn
1601 1118 1614 1146 ,
1636 1079 1676 1132 et
1698 1068 1752 1131 in

510 1153 614 1238 Kyllc
629 1167 662 1219 et
675 1153 710 1218 in
722 1153 795 1239 Kyl
817 1154 918 1238 ligne,
930 1166 964 1219 et
975 1153 1113 1239 Kyllan,
1125 1164 1159 1218 et
1172 1155 1207 1218 in
1223 1155 1455 1239 temporalibus
1468 1154 1509 1218 de
1519 1092 1736 1237 Kylcridan,

511 1251 544 1305 et
562 1239 598 1304 in
616 1239 764 1304 omnibus
814 1239 851 1303 'is
866 1238 960 1304 terris
980 1250 1014 1304 et
1032 1240 1223 1305 tenementis
1239 1242 1318 1306 dicti
1334 1240 1484 1304 Mauritii
1498 1251 1532 1303 et
1547 1238 1737 1303 hominum

511 1348 644 1390 suorum
658 1325 693 1389 in
709 1323 881 1410 Oglaasyn,
900 1323 1006 1389 eidem
1026 1324 1182 1389 Mauritio
1204 1338 1237 1389 et
1257 1325 1433 1390 heredibus
1453 1324 1531 1401 suis,
1546 1337 1579 1389 et
1603 1345 1735 1387 eorum

509 1410 694 1475 hominibus
714 1411 844 1494 penitus
864 1410 988 1474 remisit
1004 1409 1040 1474 in
1060 1422 1268 1495 perpetuum,
1283 1434 1343 1494 pro
1364 1434 1398 1475 se
1420 1422 1454 1475 et
1475 1409 1732 1474 successoribus

510 1497 576 1561 suis
599 1496 746 1581 quietum
768 1494 942 1571 clamavit3
972 1495 1060 1559 salvo
1085 1494 1190 1559 eidem
1213 1496 1344 1561 domino
1368 1496 1532 1579 Episcopo
1555 1495 1669 1561 Clone
1694 1505 1733 1557 et

509 1580 747 1646 successoribus
763 1580 830 1645 suis
850 1582 926 1667 jure
944 1592 1134 1664 patronatus
1151 1580 1187 1644 in
1202 1582 1336 1646 ecclesia
1356 1582 1397 1646 de
1416 1579 1614 1666 Kylcridan,
1630 1578 1732 1642 salva

509 1677 618 1731 tamen
637 1665 782 1765 ejusdem
804 1666 945 1731 ecclesia
967 1666 1165 1751 possessione
1190 1667 1343 1750 magistro
1369 1666 1502 1730 Thomae
1524 1666 1565 1729 de
1585 1663 1730 1730 cavilla

510 1751 620 1836 quoad
630 1752 764 1831 vixerit,
773 1752 941 1816 reddendo
952 1751 1031 1817 inde
1043 1751 1207 1816 annuatim
1219 1750 1361 1817 ecclesiae
1371 1750 1475 1817 Olone
1487 1773 1586 1815 unam
1596 1750 1728 1814 libram

509 1858 603 1913 cerae,
617 1835 747 1901 nomine
767 1836 931 1920 pensionis
941 1862 951 1913 3
972 1837 1118 1922 prelatus
1137 1858 1216 1901 vero
1234 1837 1423 1913 Mauritius,
1437 1859 1498 1921 pro
1516 1859 1550 1901 se
1568 1848 1602 1900 et
1621 1836 1728 1899 here·

510 1921 606 1985 dibus
627 1921 705 2000 suis,
728 1934 903 1987 memorato
927 1922 1092 2007 Episcopo
1117 1934 1150 1987 et
1166 1922 1403 1987 successoribus
1423 1922 1490 1985 suis
1513 1933 1547 1985 et
1569 1919 1725 1985 ecclesiae

511 2008 626 2084 Clone,
649 2008 806 2073 concessit
829 2030 927 2072 unam
951 2022 1131 2073 carucatam
1154 2019 1247 2073 terrae
1273 2009 1307 2072 in
1332 2006 1540 2091 Kylgrellan,
1560 2017 1594 2072 et
1618 2005 1725 2069 aliam

510 2092 702 2178 particulam
716 2105 810 2158 terrae
830 2115 903 2178 quoe
917 2106 1052 2159 vocatur
1068 2094 1201 2171 Bretne,
1216 2116 1291 2157 cum
1303 2094 1379 2179 jure
1395 2104 1581 2176 patronatus
1597 2112 1724 2156 earun-

511 2178 597 2255 dem,
613 2189 646 2242 et
660 2178 817 2243 concessit
831 2178 929 2243 etiam
943 2177 1047 2242 eidem
1063 2177 1226 2262 Episcopo
1241 2191 1274 2242 et
1289 2178 1525 2242 successoribus
1543 2176 1610 2240 suis
1625 2176 1724 2240 idem

510 2262 700 2341 Mauritius,
714 2284 774 2347 pro
793 2286 827 2327 se
846 2276 879 2327 et
895 2262 1071 2327 heredibus
1089 2263 1168 2342 suis,
1185 2275 1289 2327 totum
1298 2263 1353 2349 jus
1371 2262 1601 2337 advocationis,
1616 2274 1653 2325 et
1659 2262 1722 2346 jus

510 2356 697 2431 patronatus
725 2358 883 2412 terrarum
913 2346 1179 2431 subscriptarum,
1206 2349 1333 2427 scilicit,
1357 2348 1393 2411 in
1421 2347 1660 2432 Balykeneled,
1684 2356 1722 2409 et

510 2432 545 2496 in
560 2442 647 2495 terra
664 2431 778 2496 Poncii
796 2432 856 2495 filii
871 2431 997 2511 Poncii,
1012 2444 1045 2496 et
1058 2434 1094 2497 in
1111 2444 1198 2497 terra
1215 2433 1353 2498 Roberti
1366 2433 1426 2497 filii
1444 2433 1466 2497 J
1467 2432 1614 2509 ohannis,
1630 2443 1668 2497 et
1681 2431 1722 2494 in

510 2515 797 2595 Drumokenache,
812 2527 846 2582 et
862 2518 898 2581 in
913 2517 1140 2604 Balyglassyn,
1154 2532 1188 2583 et
1201 2520 1236 2582 in
1253 2518 1498 2605 Balymacketh,
1513 2530 1546 2582 et
1562 2518 1598 2581 in
1614 2516 1720 2601 Baly-

510 2603 623 2689 nylan,
641 2614 674 2667 et
690 2602 725 2667 in
743 2614 830 2667 terra
847 2602 870 2667 J
871 2603 1006 2667 ohannis
1024 2603 1066 2668 de
1088 2603 1256 2690 Kenfeyk,
1271 2615 1305 2669 et
1324 2605 1359 2668 iu
1374 2615 1442 2669 tota
1461 2615 1549 2669 terra
1565 2599 1721 2687 Philippi

510 2688 570 2754 filii
599 2687 738 2754 Walteri
768 2710 867 2773 quam
894 2687 995 2753 habet
1022 2689 1058 2753 in
1087 2688 1259 2775 Oiassyn,
1287 2689 1382 2755 salvis
1415 2702 1523 2754 tamen
1551 2686 1719 2773 magistris

511 2776 645 2841 Thomae
668 2775 709 2840 de
731 2773 857 2841 cavilla
878 2786 910 2839 et
932 2773 1091 2859 Dionysio
1117 2712 1159 2840 de
1180 2776 1283 2841 Clone
1307 2774 1472 2840 beneficiis
1493 2772 1719 2839 ecclesiasticis

512 2885 586 2949 quae
609 2873 785 2928 tenuerunt
807 2860 842 2925 in
865 2860 960 2926 terris
982 2862 1136 2947 predictis
1158 2873 1232 2927 ante
1260 2860 1494 2926 confectionem
1515 2858 1614 2945 hujus
1636 2880 1718 2923 con·

510 2948 689 3027 sancionis,
711 2946 814 3013 donec
837 2947 930 3013 ambo
960 2948 1013 3013 rel
1040 2971 1153 3013 eorum
1175 2948 1255 3013 alter
1278 2946 1417 3012 civiliter
1439 2946 1492 3012 vel
1520 2944 1717 3009 naturaliter

510 3034 677 3099 moriatur.
722 3032 775 3097 Ita
789 3046 896 3100 tamen
912 3033 1002 3119 quod
1015 3034 1103 3099 idem
1118 3034 1294 3099 Mauritius
1313 3044 1346 3098 et
1362 3032 1498 3097 heredes
1513 3031 1565 3095 sui
1581 3040 1719 3095 teneant

511 3117 552 3181 de
574 3128 749 3182 memorato
780 3117 944 3202 Episcopo
967 3131 1001 3183 et
1021 3120 1257 3185 successoribus
1282 3119 1361 3195 suis,
1382 3141 1441 3201 per
1470 3115 1659 3201 homagium
1682 3126 1718 3180 et

511 3201 691 3277 servitium,
705 3222 797 3265 suam
814 3203 932 3266 dictam
952 3214 1073 3268 terram
1090 3205 1130 3267 de
1154 3205 1276 3269 Bretne
1296 3226 1355 3287 pro
1373 3226 1440 3267 una
1458 3224 1576 3280 marca,
1592 3212 1624 3265 et
1645 3200 1718 3265 dic·

510 3298 577 3351 tam
600 3294 718 3347 terram
741 3283 782 3347 de
803 3286 1027 3370 Balykeneled
1048 3310 1108 3371 pro
1131 3287 1226 3354 iila'b.
1247 3311 1320 3352 cere
1342 3288 1506 3371 Episcopo
1528 3286 1630 3352 Olone
1654 3284 1717 3370 qui

510 3391 570 3454 pro
592 3380 737 3451 tempore
758 3367 870 3445 fuerit,
891 3369 1028 3451 singulis
1051 3372 1154 3449 annis,
1172 3372 1317 3436 terminis
1335 3373 1508 3451 consuetis,
1525 3371 1716 3436 reddendis.

510 3455 665 3519 Pretsrea
685 3450 828 3535 prefatus
859 3451 1035 3517 Mauritius
1056 3478 1117 3539 pro
1139 3478 1173 3519 se
1195 3469 1229 3519 et
1250 3455 1423 3519 heredibus
1444 3456 1511 3517 auis
1533 3455 1659 3520 remisit
1681 3469 1717 3521 et

510 3539 658 3626 quietum
685 3537 835 3604 clamarit
860 3550 1035 3603 memorato
1059 3540 1235 3625 Episcopo,
1260 3552 1294 3604 et
1319 3538 1556 3603 successoribus
1577 3540 1657 3618 suis,
1681 3552 1718 3607 et

511 3624 652 3692 ecclesia
668 3623 783 3701 Olane,
798 3635 903 3689 totum
917 3623 973 3710 jus
988 3626 1078 3710 quod
1092 3625 1207 3692 habuit
1221 3625 1275 3691 vel
1289 3624 1409 3689 habere
1423 3623 1531 3707 potuit
1544 3623 1580 3687 in
1595 3622 1715 3691 Berni-

510 3710 679 3796 brogwan,
693 3721 727 3775 et
745 3709 781 3775 in
796 3710 933 3789 Ochied,
948 3721 982 3775 et
999 3712 1033 3774 iu
1052 3711 1231 3797 Balycoyg,
1246 3724 1280 3775 et
1300 3710 1335 3774 in
1357 3710 1506 3774 omnibus
1527 3708 1622 3774 terris
1638 3733 1713 3795 quae

511 3810 589 3862 sunt
604 3796 644 3860 de
669 3796 859 3861 tenementis
879 3796 1035 3881 Episcopi
1051 3797 1153 3862 Clone
1174 3810 1207 3862 et
1224 3796 1366 3862 ecclesiae
1383 3796 1423 3860 de
1442 3795 1557 3874 Clone,
1571 3794 1625 3861 vel
1643 3818 1713 3860 esse

511 3881 641 3947 debent.
685 3880 789 3947 Salvis
804 3894 912 3947 tamen
927 3881 1034 3947 eidem
1049 3881 1217 3961 Mauritio,
1233 3894 1267 3948 et
1281 3882 1455 3948 heredibus
1477 3882 1556 3961 suis,
1571 3892 1605 3946 et
1621 3880 1713 3945 hom·

509 3966 618 4032 inibus
644 3964 721 4043 suis,
748 3978 919 4033 eteorum
945 3968 1132 4048 heredibus,
1158 3969 1311 4053 predictis
1338 3969 1433 4033 terris
1460 3991 1520 4052 per
1545 3965 1713 4031 dominum

511 4052 614 4120 Clone
643 4050 854 4136 Episcopum,
881 4054 927 4119 eis
955 4053 1039 4120 sicut
1066 4057 1258 4139 premissum
1283 4067 1332 4120 est
1357 4053 1528 4139 expressis.
1584 4051 1629 4115 Et
1654 4050 1712 4115 has

411 4188 427 4213 ¹.
510 4160 621 4204 omnes
634 4145 763 4201 mutuas
787 4140 1005 4204 concessiones
1023 4140 1205 4224 premissas,
1223 4153 1289 4207 tam
1309 4141 1344 4206 in
1362 4138 1594 4224 temporalibus
1614 4157 1712 4221 quam

508 4226 544 4289 in
579 4220 811 4309 spiritualibus,
841 4234 874 4288 et
897 4224 974 4310 jure
1003 4238 1192 4309 patronatus
1223 4225 1404 4291 alternatim
1438 4224 1535 4301 sacto,
1566 4222 1711 4308 prefatus

511 4308 703 4398 Episcopus,
722 4318 755 4374 et
771 4328 969 4374 successores
986 4310 1048 4390 sui,
1067 4312 1152 4378 dicto
1174 4311 1331 4378 Mauritio
1350 4323 1383 4377 et
1401 4309 1575 4375 heredibus
1594 4306 1660 4372 suis
1679 4316 1712 4370 et
