3825 5059
792 456 837 529 21

253 642 415 713 Patricius
431 642 469 711 M
536 642 560 711 h
573 654 665 711 tenet
679 644 720 710 do
736 642 850 710 eodem
868 641 902 709 in
920 644 1040 724 dotem,
1055 665 1113 708 xx.
1129 664 1218 709 aeras
1239 656 1347 724 terrm,
1362 663 1422 730 per

209 731 381 799 servitium
395 753 449 799 ve.
464 730 499 797 vi
528 778 538 795 .
553 754 613 817 per
628 753 760 797 annum.

254 817 423 885 Iohannes
441 817 547 905 Barry
564 829 654 884 tenet
670 818 692 883 i.
708 828 942 897 tenementum,
962 816 1128 903 qnondam
1147 838 1282 883 vacuam
1299 837 1423 883 moram

210 903 443 985 Omoloorken,
456 926 516 989 per
530 904 698 971 servitium
712 904 784 970 vid.
800 926 860 991 per
878 926 1009 970 annum.

256 990 418 1057 Patricius
430 991 547 1057 Forest
559 1002 649 1056 tenet
658 990 768 1077 juxta,
780 990 801 1055 i.
814 1002 1036 1056 tenementum
1047 1011 1200 1071 vacuum,
1211 1002 1244 1056 et
1256 990 1423 1057 dimidiam

212 1100 319 1145 aeram
333 1090 440 1157 terre,
453 1098 512 1162 per
527 1076 697 1143 servitium
711 1076 772 1143 iid.
788 1100 847 1163 per
863 1096 995 1143 annum.

256 1162 368 1231 David
390 1164 495 1250 Myne
520 1162 627 1251 Barry
647 1174 739 1229 tenet
756 1163 867 1251 juxta,
889 1162 1055 1228 dimidiam
1077 1162 1267 1244 tenementi,
1289 1185 1364 1229 cnm
1378 1162 1422 1229 vi.

212 1251 295 1317 amis
309 1262 418 1332 terre,
432 1272 492 1336 per
507 1249 677 1316 servitium
691 1250 799 1315 xviid.
815 1272 875 1336 per
890 1272 1023 1315 annum.

255 1334 369 1403 David
398 1336 494 1423 Moy]
517 1347 609 1402 tenet
633 1336 741 1422 juxta,
765 1336 934 1403 dimidiam
959 1334 1149 1415 tenementi,
1172 1357 1247 1401 cum
1270 1335 1316 1403 vi.
1341 1335 1423 1401 acris

213 1434 322 1502 teme,
337 1445 397 1509 per
411 1422 581 1489 servitium
593 1424 665 1489 xvii
671 1424 703 1489 d.
720 1446 779 1508 per
794 1446 926 1489 annum.

257 1509 431 1595 Philippus
454 1508 558 1597 Barry
585 1520 676 1576 tenet
702 1532 744 1575 ex
765 1510 927 1596 opposito,
950 1531 1048 1575 unam
1070 1507 1215 1596 placeam
1235 1522 1342 1587 terrae,
1363 1529 1424 1595 per

213 1596 381 1663 servitium
386 1642 552 1667 ........
919 1626 924 1637 ·

256 1681 424 1749 Iohannes
444 1680 532 1747 filins
554 1680 702 1767 Philippi
723 1681 830 1769 Barry
851 1692 942 1747 tenet
957 1681 1067 1769 juxta,
1084 1681 1106 1748 i.
1124 1682 1356 1770 messuagium,
1379 1681 1422 1747 vi.

214 1790 302 1837 aeras
317 1780 424 1847 terrm,
439 1770 604 1855 quondam
618 1767 750 1855 Eywas,
762 1790 822 1854 per
837 1768 1005 1834 servitium
1019 1768 1090 1834 vid.
1106 1791 1165 1853 per
1179 1792 1314 1835 annum

258 1852 439 1921 Nicholaus
454 1854 621 1920 Archerus
634 1866 724 1920 tenet
742 1854 850 1942 juxta,
864 1854 886 1922 i.
902 1855 1134 1941 messuagium,
1146 1877 1221 1921 eum
1235 1856 1327 1921 xviii.
1343 1854 1424 1920 acris

214 1952 322 2021 terre,
336 1963 397 2027 per
413 1940 582 2007 servitium
598 1940 669 2007 vid.
686 1962 892 2027 perannum.

260 2026 428 2093 Henrious
443 2028 548 2093 Kassa
564 2038 654 2094 tenet
664 2027 774 2115 juxta,
787 2028 809 2094 i.
826 2026 1001 2113 cotagium,
1015 2049 1075 2113 per
1092 2026 1286 2096 servitium..
1301 2077 1310 2097 .
1324 2076 1356 2097 ..

215 2110 357 2181 Thomas
369 2114 486 2201 Barry,
495 2136 555 2199 pro
565 2114 671 2191 terris,
681 2125 714 2179 et
723 2113 745 2178 i.
755 2126 940 2180 tenemento
947 2112 1093 2200 Philippi
1102 2113 1289 2201 Oulargene
1299 2112 1424 2181 iiaiid.

303 2199 389 2267 Item
403 2222 463 2287 pro
478 2199 572 2266 terris
585 2199 675 2279 Yon,
690 2224 747 2268 ιιιι.
764 2222 846 2265 aorae
861 2199 950 2287 apud
965 2199 1090 2287 Sydan,
1104 2199 1175 2268 vid.

304 2282 390 2353 Item
404 2309 465 2372 pro
480 2286 627 2367 Restlan,
641 2287 724 2354 vidt.
736 2285 780 2353 vi.
797 2310 890 2367 acrae,
905 2286 1005 2353 xxid.

304 2370 389 2439 Item
400 2396 461 2459 pro
471 2371 518 2440 iii.
528 2374 610 2439 aeris
625 2373 713 2459 apud
724 2374 756 2439 la
768 2373 920 2440 Minoum
931 2373 973 2439 de
985 2385 1073 2440 terra
1082 2373 1114 2440 le
1124 2372 1425 2453 Marescallo,xiid.

304 2456 390 2526 Item
403 2482 463 2546 pro
477 2470 548 2525 orto
557 2459 656 2546 juxta
670 2460 884 2538 cemiterium,
897 2460 945 2526 id.
961 2460 1008 2527 od.

305 2544 390 2612 Item
405 2568 465 2632 pro
480 2546 576 2613 terris
591 2544 729 2613 Roberti
743 2546 911 2627 Duranoe,
925 2546 998 2612 vid.

305 2631 391 2699 Item
405 2656 466 2719 pro
480 2632 516 2700 ii.
532 2633 615 2699 aeris
627 2632 787 2698 Iohannis
803 2633 917 2713 Grete,
929 2632 992 2699 iid.

222 2800 225 2805 Ι
304 2716 390 2785 Item
404 2740 465 2805 pro
479 2717 525 2784 iii.
538 2718 660 2805 stangis
676 2718 810 2785 Thomae
826 2718 934 2804 Lyno,
948 2720 995 2784 ob.
1076 2721 1108 2784 d.

305 2802 391 2889 Item
408 2825 518 2891 prov.
537 2805 619 2871 acris
641 2802 714 2871 eti.
732 2816 847 2889 stanga
864 2806 905 2869 de
926 2804 1021 2869 Mare
1044 2803 1149 2882 alaoh,
1165 2802 1237 2869 vid.
1252 2803 1299 2869 ob.
1315 2800 1427 2868 dimid.

222 3060 225 3067 γ
306 2890 548 3040 Smffltim
559 2972 721 3060 parcella,
735 2972 802 3040 vis.
815 2972 910 3039 viiia.
926 2975 973 3041 ob.
988 2974 1085 3060 qaod.
1101 2971 1214 3040 dimid.
1229 2974 1325 3060 quad.

516 3122 693 3168 numme
714 3122 883 3169 nunnius
904 3122 974 3167 Pnn
995 3121 1132 3168 Annum.

222 3302 226 3309 ,
261 3228 443 3299 Nieholans
459 3230 640 3312 Archerus,
654 3229 836 3299 Nioholaus
853 3231 918 3298 fitz.
934 3230 1095 3318 Philippi,
1109 3229 1206 3299 xiiia.
1222 3232 1295 3299 istie
1315 3244 1429 3300 tenent

221 3338 320 3385 nuno.

262 3404 431 3472 Walterus
446 3402 565 3483 Albus,
581 3402 780 3471 Willielmns
795 3403 913 3485 Albus,
923 3404 1008 3472 viia.
1022 3404 1095 3472 istic
1109 3417 1223 3472 tenent
1235 3428 1332 3473 nuno.

263 3489 439 3577 Philippus
453 3490 648 3569 Malefaunt,
664 3491 823 3558 Ricardus
842 3492 972 3579 Elymas,
983 3493 1033 3558 id.
1048 3492 1121 3559 istie
1135 3503 1248 3558 tenent
1263 3514 1363 3558 nune.

264 3575 430 3643 Robertus
441 3578 561 3655 Albus,
574 3578 684 3643 Adam
698 3578 876 3657 Archems,
890 3578 986 3645 viiia.
1001 3579 1048 3643 ob.
1062 3578 1136 3644 istic
1150 3588 1264 3644 tenent
1277 3600 1377 3644 nuno.

262 3660 462 3730 willielmus
478 3663 613 3751 Omery‚
625 3664 698 3732 vid.
711 3664 784 3731 istic
799 3675 889 3731 tenet
900 3684 999 3730 nuno.

222 3748 444 3817 Communitas
461 3748 559 3816 ville.

227 3904 231 3911 ,
262 3834 382 3901 Mabill
395 3834 482 3902 filius
496 3834 621 3915 Holan,
634 3834 708 3903 iiia.
724 3835 796 3903 istie
811 3846 903 3903 tenet
916 3854 1015 3901 nunc.

229 4004 232 4009 ι
263 3919 430 3989 Iohannes
446 3920 533 4023 silius
548 3921 697 4008 Philippi
712 3924 817 4010 Barry
830 3934 920 3989 tenet
953 3960 1086 4029 Riwdi
1105 3960 1166 4029 filii
1185 3960 1332 4043 Thomae,

262 4092 341 4161 Alie
356 4020 781 4180 Rtieuintiiieiilrutiiliiertes,
889 4178 897 4194 .
950 4178 958 4194 Ι
992 4178 1001 4195 .

264 4178 432 4247 Walterns
442 4179 546 4267 Wyn,
560 4178 727 4246 Iohannes
742 4178 873 4258 Droun,
887 4180 937 4244 1d.
948 4190 1021 4245 istm
1036 4190 1150 4246 tenent
1165 4201 1264 4246 nuno.

265 4264 378 4335 David
392 4266 521 4349 Moule,
534 4266 653 4334 Petrus
667 4264 856 4344 Albenech,
865 4264 937 4332 vid.
952 4266 999 4332 od.
1011 4264 1085 4333 istie
1098 4278 1213 4333 tenent
1230 4284 1329 4330 nuno.

229 4410 232 4415 Α
266 4352 433 4423 Iohannes
447 4353 511 4421 fitz.
527 4352 664 4420 Boberti
678 4351 797 4442 Barry,
809 4352 883 4419 Buc
898 4350 1001 4436 Wyn,
1011 4352 1086 4419 ixd.
1097 4352 1170 4418 istic
1182 4362 1298 4419 tenent
1309 4372 1406 4417 nana

230 4498 234 4505 ,
265 4438 433 4507 Henrious
448 4439 579 4527 Eywas,
591 4436 758 4508 Henricus
771 4438 899 4520 Moule,
913 4440 973 4508 vd.
984 4439 1058 4507 istic
1072 4449 1186 4507 tenent
1199 4458 1297 4503 nunc.

1032 4048 1041 4065 .
1074 4048 1082 4063 ι
1347 3962 1429 4029 xiid.

1030 4066 1103 4116 mtto
1114 4060 1229 4116 tenent
1242 4071 1341 4116 nuno.
