3825 5059
1086 476 1132 547 30

504 666 705 733 voluntatem
721 662 855 742 domini,
871 686 1044 750 quousque
1059 662 1121 728 fuit
1140 662 1182 728 dc
1204 662 1301 748 plena
1321 674 1417 744 etate,
1432 686 1492 749 per
1507 661 1664 729 servitia
1680 682 1741 746 per

504 776 625 819 annum
641 752 768 830 xxxia,
784 764 816 816 et
828 763 923 816 sectrc
945 750 1056 829 curiae,
1071 761 1104 814 et
1123 761 1270 814 tenentes
1293 751 1439 837 ejusdem
1462 762 1563 815 terrae
1591 772 1740 832 respon-

505 840 631 905 debunt
656 839 787 903 domino
811 838 852 902 ad
876 860 986 901 omnes
1010 836 1127 916 curias,
1152 849 1184 901 ct
1208 858 1274 901 non
1299 838 1387 903 dicto
1412 836 1590 922 Philippo,
1620 856 1740 919 neque

504 925 691 991 tenentibus
707 924 853 1010 ejusdcm
869 934 1037 990 carucatae.

549 1012 632 1076 Item
646 1011 761 1075 dicunt
772 1010 862 1095 quod
878 1010 1050 1074 Hubertus
1063 1008 1215 1074 Caunton
1228 1021 1318 1075 tenet
1332 1011 1373 1076 de
1387 1009 1517 1075 domino
1530 1009 1570 1075 in
1589 1008 1740 1093 betagio

503 1098 525 1164 i.
543 1097 771 1183 messuagium,
786 1096 818 1161 ii.
835 1119 926 1160 acras
948 1108 1054 1173 terrae,
1069 1096 1236 1161 reddendo
1253 1097 1383 1162 domino
1403 1120 1462 1181 per
1481 1120 1612 1161 annum
1632 1094 1738 1158 xvid.

504 1184 536 1249 ii
555 1184 672 1248 diesin
695 1196 795 1247 estate
817 1183 857 1247 ad
878 1182 1119 1259 sarculandum,
1133 1182 1154 1246 i.
1171 1182 1256 1247 diem
1272 1184 1307 1247 in
1328 1196 1506 1267 autumpno
1528 1184 1572 1247 ad
1598 1192 1738 1245 meten·

505 1272 596 1349 dum,
611 1271 632 1336 i.
649 1270 749 1334 olium
771 1269 857 1333 diem
879 1270 921 1331 ad
941 1268 1141 1347 cariandum,
1156 1281 1190 1332 et
1209 1270 1237 1333 si
1258 1270 1413 1334 moriatur
1434 1269 1524 1334 dabit
1538 1269 1738 1343 heriotum,

505 1372 539 1423 ct
559 1358 658 1422 molet
679 1358 720 1421 ad
741 1354 964 1420 molendinum
985 1354 1120 1430 domini,
1140 1367 1173 1419 et
1194 1356 1328 1421 cariabit
1352 1356 1482 1420 domino
1506 1378 1623 1440 usque
1642 1352 1738 1437 Kyl-

504 1444 688 1529 maclenyn,
712 1442 826 1517 Clone,
847 1454 880 1505 et
902 1439 1083 1526 Kyllenon,
1108 1452 1141 1505 ct
1164 1455 1283 1506 sectam
1309 1442 1419 1518 curia,
1439 1455 1473 1506 et
1493 1441 1641 1506 intrabit
1668 1439 1736 1503 alio

506 1554 589 1595 anno
611 1530 668 1594 iiii.
690 1552 791 1605 acras,
807 1540 840 1591 et
860 1528 887 1591 si
909 1539 1089 1591 carucatam
1112 1526 1221 1604 habet,
1241 1529 1345 1594 arabit
1365 1528 1496 1593 domino
1517 1528 1553 1595 ii.
1569 1550 1675 1593 acras
1697 1529 1736 1589 in

506 1640 601 1692 anno,
613 1628 646 1681 et
659 1616 749 1679 dabit
761 1614 890 1678 domino
903 1614 945 1677 ad
958 1612 1074 1677 festum
1089 1613 1276 1679 Natiuitatis
1290 1615 1423 1680 Domini
1435 1638 1534 1680 unam
1546 1615 1734 1701 gallinam.

550 1703 689 1767 Thomas
708 1698 762 1764 the
788 1699 853 1764 Vel
874 1711 964 1765 tenet
988 1701 1029 1764 dc
1053 1698 1184 1764 domino
1208 1723 1311 1765 unum
1334 1702 1552 1786 messuagium
1573 1702 1613 1766 ii.
1633 1722 1733 1763 acras

505 1800 600 1853 terrae
618 1800 651 1852 et
675 1786 853 1864 dimidiam,
870 1810 929 1870 per
951 1786 1119 1850 servitium
1138 1788 1222 1851 xxd.
1238 1809 1298 1871 per
1319 1810 1450 1864 aunum,
1467 1800 1501 1852 et
1515 1788 1605 1853 ultra
1623 1785 1732 1851 saciet

505 1875 590 1939 sicut
606 1872 777 1939 Hubertus
793 1874 826 1937 in
843 1873 1004 1952 omnibus,
1019 1887 1052 1936 et
1066 1873 1201 1938 intrabit
1215 1874 1259 1937 vi.
1273 1896 1361 1938 acras
1377 1873 1439 1937 alio
1453 1896 1548 1938 anno.

550 1961 725 2047 Philippus
756 1959 904 2024 Malcron
936 1971 1026 2023 tenet
1054 1960 1075 2023 i.
1098 1959 1327 2045 messuagium,
1352 1982 1382 2024 v.
1408 1981 1507 2036 acras,
1534 1971 1570 2024 ct
1598 1957 1731 2024 reddet

507 2048 638 2113 domino
654 2071 712 2132 per
728 2070 848 2111 annum
869 2046 936 2110 iiia.
953 2046 989 2109 iii
996 2046 1040 2124 d,
1056 2058 1089 2110 et
1109 2047 1205 2111 faciet
1226 2046 1261 2110 in
1282 2046 1431 2111 omnibus
1449 2045 1533 2109 sicut
1546 2044 1730 2129 predictus

507 2134 692 2211 Hubertus,
706 2146 739 2198 et
753 2132 886 2219 intrabit
901 2132 958 2196 iiii.
976 2154 1075 2196 acras.

551 2220 691 2283 Thomas
708 2219 840 2284 Pollard
856 2230 945 2283 tenet
959 2216 981 2280 i.
993 2218 1251 2302 messuagium,i.
1264 2241 1381 2296 acram,
1395 2217 1453 2284 viii
1460 2218 1491 2281 d.
1505 2240 1564 2303 per
1581 2238 1728 2291 annum,

506 2316 539 2369 ct
554 2304 650 2369 saciet
661 2305 695 2369 in
712 2306 861 2369 omnibus
876 2304 960 2368 sicut
974 2303 1159 2379 Hubertus,
1174 2305 1308 2369 intrabit
1322 2304 1368 2370 iii.
1384 2327 1482 2369 aeras.

551 2390 690 2454 Thomas
709 2390 837 2455 Hanser
854 2401 944 2453 tenet
965 2388 985 2451 i.
1001 2390 1231 2475 messuagium.
1246 2414 1304 2454 uu.
1320 2414 1420 2468 acras,
1435 2389 1489 2456 iis.
1505 2412 1565 2475 per
1581 2410 1727 2463 annum,

506 2489 540 2543 et
553 2476 649 2541 saciet
662 2476 698 2539 in
711 2475 861 2540 omnibus
877 2475 961 2540 sicut
979 2475 1162 2553 Hubertus,
1177 2476 1312 2542 intrabit
1325 2476 1383 2542 iiii.
1398 2500 1496 2542 acras.

551 2562 724 2647 Philippus
742 2561 874 2647 Tayllor
889 2573 979 2626 tenet
994 2561 1014 2626 i.
1030 2563 1259 2648 messuagium,
1274 2562 1317 2627 vi.
1334 2586 1422 2628 acras
1437 2577 1544 2643 terrae,
1559 2563 1641 2629 iiiia.
1659 2582 1724 2649 per

507 2672 640 2727 annum,
655 2662 688 2714 et
702 2647 799 2714 faciet
813 2648 847 2712 in
862 2647 1011 2712 omnibus
1027 2648 1112 2714 sicut
1128 2649 1311 2727 Hubertus,
1325 2649 1460 2714 intrabit
1474 2650 1518 2715 vi.
1535 2672 1635 2715 acras.

550 2736 750 2803 Willielmus
780 2735 918 2800 Ohonan
945 2746 1035 2800 tenet
1061 2736 1083 2800 i.
1115 2735 1346 2821 mesuagium,
1370 2736 1416 2801 iii.
1443 2758 1543 2815 acras,
1569 2736 1625 2800 iia.
1656 2756 1722 2821 per

507 2848 640 2903 annum,
655 2838 688 2891 et
703 2824 798 2889 faciet
812 2823 847 2887 in
862 2820 1013 2886 omnibus
1027 2821 1112 2886 sicut
1127 2822 1311 2900 Hubertus,
1325 2821 1460 2887 intrabit
1474 2821 1531 2887 iiii.
1548 2844 1648 2889 acras.

551 2912 718 2977 Walterus
739 2910 870 2995 Messag
891 2920 982 2974 tener
998 2910 1020 2973 i.
1036 2909 1265 2995 messuagium,
1279 2931 1336 2974 nu.
1353 2930 1454 2988 acras,
1468 2906 1524 2973 iir.
1540 2906 1598 2973 viii
1605 2908 1637 2974 d.
1656 2928 1720 2992 per

509 3022 641 3078 annum,
657 3012 689 3063 et
703 2998 800 3063 faciet
815 2997 899 3062 sicut
914 2994 1100 3076 Hubertus,
1114 2995 1249 3061 intrabit
1260 2994 1294 3059 ii.
1311 3017 1409 3058 acras.

553 3084 751 3149 Willielmus
765 3085 922 3147 Ocostran
943 3084 1070 3148 teneti.
1085 3081 1312 3167 messuagium,
1327 3080 1349 3146 i.
1366 3102 1471 3145 acram
1485 3090 1519 3145 et
1534 3077 1719 3156 dimidiam,

507 3170 593 3233 xiid.
609 3190 667 3249 per
684 3191 816 3246 annum,
832 3182 865 3232 et
879 3168 975 3231 faciet
990 3170 1075 3232 sicut
1089 3168 1272 3243 Hubertus,
1287 3167 1421 3232 intrabit
1434 3166 1468 3231 ii.
1485 3189 1584 3230 acras.

552 3252 663 3315 Simon
681 3252 796 3328 Dowe,
817 3264 906 3315 tenet
924 3253 946 3313 i.
962 3254 1191 3335 messuagium,
1206 3253 1251 3317 iii.
1267 3265 1406 3337 stangas,
1420 3253 1492 3319 vid.
1508 3275 1567 3337 per
1581 3272 1720 3327 annum,

508 3350 541 3402 ct
556 3335 652 3399 saciet
666 3337 750 3400 sicut
769 3335 949 3411 Hubertus,
965 3336 1098 3400 intrabit
1112 3336 1135 3399 i.
1151 3358 1268 3413 acram,
1282 3338 1305 3401 i.
1323 3351 1478 3421 stringam.

552 3420 727 3486 Mauritius
757 3419 921 3501 Osoylvan
950 3430 1040 3483 tenet
1064 3421 1086 3483 i.
1113 3421 1343 3504 messuagium,
1371 3442 1402 3485 v.
1425 3442 1525 3497 acras,
1549 3421 1624 3486 xld.
1656 3444 1720 3509 per

507 3528 639 3583 annum,
654 3517 689 3572 et
702 3504 798 3570 faciet
814 3504 898 3568 sicut
915 3503 1100 3583 Hubertus,
1114 3504 1249 3568 intrabit
1263 3528 1294 3568 v.
1308 3528 1405 3569 acras.

552 3592 715 3660 Robertus
735 3590 908 3677 Breynoek
926 3591 1050 3655 teneti.
1066 3590 1294 3675 messuagium,
1310 3589 1475 3655 dimidiam
1494 3611 1613 3668 acram,
1627 3590 1717 3659 iiiid.

507 3706 566 3768 per
581 3704 712 3761 annum,
726 3693 758 3745 et
771 3677 866 3744 faciet
881 3678 965 3743 sicut
977 3677 1161 3755 Hubertus,
1170 3676 1303 3743 intrabit
1316 3678 1375 3742 iiii.
1387 3700 1475 3743 acras
1487 3689 1521 3741 et
1535 3676 1715 3743 dimidiam.

553 3769 706 3855 Howeyn
731 3766 904 3853 Breynoclr
925 3777 1015 3831 tenet
1037 3765 1059 3831 i.
1081 3763 1311 3848 messuagium,
1329 3764 1397 3829 viii.
1422 3786 1523 3843 acras,
1546 3762 1715 3829 dimidiam

507 3877 621 3919 marcae
637 3878 695 3939 per
710 3877 843 3931 annum,
858 3865 892 3917 et
907 3851 1002 3917 faciet
1017 3852 1100 3916 sicut
1117 3850 1300 3930 Hubertus,
1314 3850 1449 3917 intrabit
1466 3850 1560 3919 nihil.

552 3939 717 4005 lohannes
744 3940 884 4005 Olathan
907 3952 998 4004 tenet
1023 3938 1044 4002 i.
1068 3938 1212 4023 placeam
1236 3948 1331 4003 terrae
1355 3938 1479 4018 liberae,
1502 3960 1562 4023 per
1584 3934 1715 4001 servitia

508 4026 605 4094 xiiid.
636 4048 695 4108 per
725 4048 857 4103 annum,
887 4037 920 4090 et
945 4037 1040 4091 sectae
1071 4024 1181 4103 curiae,
1207 4024 1249 4088 ad
1277 4036 1425 4110 tempora
1453 4024 1627 4090 constituta
1652 4042 1712 4107 per

509 4111 707 4197 Capitulum.

553 4198 683 4264 Marion
716 4196 874 4283 Inyclony
900 4209 990 4263 tenet
1020 4199 1042 4265 i.
1071 4198 1246 4284 cotagium,
1271 4220 1330 4283 per
1360 4196 1528 4264 servitium
1553 4194 1625 4260 rid.
1651 4214 1711 4278 per

509 4308 643 4364 annum,
657 4296 690 4349 et
704 4283 846 4370 portabit
860 4283 971 4349 literas
987 4285 1121 4361 domini,
1136 4298 1169 4350 et
1183 4284 1274 4349 dabit
1288 4284 1418 4350 domino
1433 4306 1532 4350 unam
1546 4280 1711 4369 gallinam,

509 4384 543 4522 at
571 4384 689 4472 uertet,
717 4368 861 4454 colliget,
889 4382 922 4434 et
948 4370 1079 4436 lassabit
1104 4371 1217 4435 sonum
1244 4369 1379 4451 domiui,
1406 4382 1440 4435 et
1466 4381 1586 4434 sectam
1613 4366 1710 4440 curia

533 4480 642 4523 ommi.
