3825 5059
776 471 822 541 55

181 652 307 739 Barry,
319 654 345 719 J
347 654 447 721 acobo
461 652 608 741 Magnel,
618 664 651 718 et
665 653 744 718 aliis.
780 654 824 719 Et
838 676 898 739 ego
913 655 934 718 J
937 654 1080 719 ohannes
1093 656 1204 743 Lange
1219 658 1402 726 Canonicus

163 822 166 825 Ι
180 740 354 822 premissa
367 762 466 805 manu
481 741 615 825 propria
629 740 754 824 scripsi,
769 752 801 803 et
816 762 949 823 presens
967 740 1025 806 fui.

226 824 276 889 Et
307 848 374 911 ego
401 826 571 911 Eugenius
597 826 749 891 Decanus
777 824 892 904 Clone,
918 826 1025 890 omnia
1049 827 1204 910 premissa
1226 845 1324 914 prout
1348 832 1402 897 hic

182 932 290 993 snpra
307 912 499 976 scribuntur
514 923 548 976 et
562 912 749 987 recitantur,
760 933 892 994 presens
908 910 969 991 fui,
986 912 1056 977 vidi
1073 925 1105 977 et
1125 914 1246 995 audivi,
1264 929 1298 981 et
1314 918 1402 983 testi-

181 997 293 1060 monii
307 998 468 1081 perhibeo
479 996 661 1075 veritatem,
671 1008 703 1062 et
716 996 798 1061 hanc
813 995 932 1061 lineam
944 1019 1042 1061 manu
1054 1020 1126 1061 mea
1137 1002 1267 1083 propriu
1279 1004 1340 1066 scri
1364 1005 1401 1069 si.

229 1081 281 1146 Et
295 1105 361 1169 ego
377 1082 536 1148 Patricius
552 1083 695 1167 Kempe,
710 1082 904 1161 Canonicus,
923 1082 1030 1147 omnia
1047 1084 1211 1167 premissa,
1232 1100 1331 1171 prout
1341 1028 1402 1153 hic

183 1188 293 1250 supra
309 1168 498 1233 scribuntur
514 1180 547 1233 et
563 1169 753 1246 recitantur,
770 1190 902 1251 presens
918 1166 978 1245 fui,
993 1169 1073 1245 vidi,
1088 1181 1122 1233 et
1136 1170 1259 1248 audivi,
1270 1184 1303 1235 et
1314 1174 1403 1238 testi·

183 1254 344 1317 monium
359 1254 530 1338 perhibes,
545 1264 578 1319 et
592 1253 676 1318 hanc
690 1254 809 1317 lineam
823 1276 922 1317 manu
936 1275 1008 1318 mea
1022 1255 1156 1339 propria
1170 1255 1293 1340 scripsi.

231 1336 284 1403 Et
312 1361 373 1423 ego
401 1340 579 1416 Johannes,
603 1338 754 1403 Vicarius
777 1338 817 1402 de
840 1338 1093 1425 Kylmaclenyn,
1115 1341 1223 1405 omnia
1248 1341 1403 1426 premisse

183 1435 297 1505 prout
324 1424 377 1489 hic
403 1447 502 1509 supra
527 1422 713 1489 scribuntur
743 1436 776 1488 et
805 1424 994 1502 recitantur,
1022 1448 1153 1509 presens
1180 1426 1242 1507 fui,
1266 1427 1348 1505 vidi,
1370 1442 1403 1493 et

186 1510 323 1611 autlivi,
338 1522 372 1575 et
392 1511 611 1576 testimonium
626 1509 795 1595 perhibeo,
811 1521 845 1573 et
859 1509 919 1573 hcc
934 1510 1053 1575 lineam
1069 1534 1167 1576 manu
1185 1535 1255 1577 mea
1270 1514 1404 1597 propria

186 1614 325 1680 scnpsr.

234 1765 334 1832 Iram
351 1765 396 1831 xi.
412 1765 465 1831 die
487 1766 581 1846 Maii,
596 1788 680 1832 anno
696 1778 734 1831 ut
748 1788 858 1849 supra,
874 1766 896 1831 J
897 1766 1040 1831 ohannes
1059 1765 1146 1832 lilius
1164 1768 1278 1835 Jacobi
1298 1770 1404 1855 Barry

191 1853 289 1952 apud
314 1852 444 1953 Bouthon
467 1876 509 1917 ex
531 1864 621 1937 parte
641 1852 681 1916 de
699 1852 819 1953 parde,
837 1851 890 1915 die
910 1874 976 1951 quo
994 1862 1063 1916 erat
1080 1852 1328 1936 parliamentum
1343 1878 1403 1941 pro

191 1936 436 2121 {russin
452 1935 1404 2123 tt“usitiutsutsufficereturr

192 2109 345 2259 pmguliss
356 2121 456 2259 ppput
473 2109 622 2259 domrpips
640 2108 874 2259 Plplrilppptpsuze
893 2108 988 2257 Barlp
1005 2109 1155 2259 superipp
1169 2132 1228 2193 pro
1247 2110 1403 2212 Kylmac·

195 2216 674 2364 ppffinppgnpgegeaponpcso,
687 2216 824 2344 doininis
840 2216 965 2343 Thbma
979 2208 1404 2358 {inili'haunbieisibnaariibstcig

196 2362 456 2515 ΞᾳρῐεΙοΙΘὼαη,
473 2377 506 2429 et
525 2364 780 2451 Kylmaclenyn,
803 2376 834 2429 et
857 2365 971 2430 Priore
992 2366 1033 2429 de
1056 2365 1222 2451 Kyllocia,
1239 2380 1273 2433 et
1292 2370 1404 2436 multis

245 2474 283 2517 rs.

246 2621 337 2688 Irmr
357 2644 414 2687 xv.
432 2621 486 2687 die
507 2622 627 2687 mensis
650 2621 733 2687 Maii
754 2644 838 2685 anno
861 2644 926 2770 ‘iim
951 2644 1061 2705 supra,
1084 2624 1145 2688 sub
1166 2624 1295 2690 fraxino
1317 2628 1405 2709 apud

201 2700 301 2787 Coul,
313 2707 417 2774 Clone
433 2708 581 2787 diocesis,
593 2706 753 2773 Patricius
767 2706 853 2771 iilius
907 2707 1008 2772 atthei
1021 2708 1184 2787 Caunton,
1193 2709 1284 2774 tactis
1300 2732 1405 2775 sucro·

199 2794 319 2859 nunctis
331 2792 398 2858 Dei
414 2793 602 2879 evangeliis,
617 2792 797 2877 corporale,
811 2792 1007 2872 voluntarie,
1018 2793 1160 2876 prestitit
1170 2794 1405 2891 juramentum,

202 2878 292 2964 quod
313 2900 483 2963 nunquam
504 2879 546 2942 de
574 2888 694 2958 cetero,
716 2899 774 2963 per
796 2898 843 2955 se,
865 2875 920 2942 vel
944 2899 1031 2956 suos,
1054 2889 1110 2941 aut
1136 2878 1227 2953 ahos,
1247 2877 1406 2961 imponet,

200 2974 304 3047 petet,
331 2987 392 3029 nec
416 2962 549 3041 levabit,
572 2986 633 3028 nec
659 2965 837 3048 imponere,
861 2973 986 3045 petere,
1011 2983 1073 3025 nec
1095 2962 1204 3026 levare
1227 2961 1324 3027 faciet
1349 2976 1406 3029 aut

202 3050 392 3134 procurabit
420 3048 528 3135 alique
556 3049 670 3114 illicita
702 3072 812 3127 onera,
841 3047 956 3131 bonys,
993 3068 1112 3131 cowys,
1147 3046 1322 3133 guydagia,
1351 3050 1406 3114 vel

202 3136 353 3221 pedagia,
375 3156 473 3219 super
496 3146 529 3199 et
551 3135 591 3199 de
607 3134 792 3199 tenentibus
808 3130 950 3197 ccclesiae
967 3130 1169 3197 Gathedralis
1185 3134 1226 3199 de
1243 3132 1358 3211 Clone,
1373 3147 1407 3201 et

204 3222 327 3286 domini
355 3218 492 3285 Geraldi
519 3219 585 3285 Dei
611 3220 714 3305 gratia
740 3216 897 3303 Episcopi
919 3217 1034 3297 Glone,
1061 3219 1149 3302 apud
1172 3218 1406 3307 Cowlcollyng,

203 3307 258 3372 vel
279 3306 316 3371 in
343 3305 484 3371 dominio
514 3305 660 3391 ejusdem
687 3304 902 3383 manentibus,
928 3303 983 3369 vel
1010 3306 1292 3384 commorantibus,
1318 3329 1407 3373 man·

205 3393 299 3469 suris,
314 3390 369 3457 vel
384 3391 639 3469 commoraturis,
653 3392 689 3454 in
703 3401 910 3475 perpetuum.
955 3390 1002 3455 Et
1021 3390 1049 3454 si
1070 3392 1264 3457 contrarium
1282 3392 1408 3471 fecerit,

205 3476 415 3563 coadjuverit,
435 3475 489 3542 vel
511 3476 746 3561 procuraverit,
767 3477 856 3561 quod
877 3474 970 3555 absit,
992 3476 1108 3553 voluit,
1128 3479 1295 3555 concessit,
1316 3490 1349 3543 et
1372 3502 1407 3543 se

205 3562 364 3641 submisit,
377 3573 477 3646 prout
494 3562 643 3626 dominus
664 3562 830 3627 Johannes
850 3562 891 3625 de
913 3561 1019 3645 Barry
1037 3562 1129 3626 miles
1149 3564 1298 3646 superius
1318 3562 1407 3643 fecit,

204 3647 410 3733 presentibus
431 3647 585 3711 fratribus
607 3647 722 3712 Odone
749 3646 995 3723 Ohenwonhan,
1017 3667 1054 3709 ac
1067 3693 1403 3715 ................

205 3735 358 3820 Oguylan
381 3732 546 3798 monachis
566 3732 770 3818 regularibus
794 3729 981 3797 monasterii
1001 3729 1041 3793 de
1065 3729 1177 3794 Castro
1192 3728 1258 3793 Dei
1276 3730 1312 3793 in
1327 3730 1407 3794 Fer·

205 3842 292 3904 moy,
307 3818 429 3883 ordinis
445 3817 679 3895 Cisterciensis,
696 3818 832 3882 dominis
849 3816 973 3880 Thomu
987 3825 1021 3879 et
1035 3814 1183 3877 Muttheo
1198 3814 1406 3882 ecclesiarum

206 3906 246 3970 de
262 3902 488 3971 Castrolethan
504 3916 537 3967 et
552 3904 643 3968 Cowl
657 3902 849 3989 perpetuiis,
864 3898 1016 3976 Vicariis,
1030 3911 1064 3963 et
1078 3898 1234 3964 Mauritio
1250 3900 1406 3987 Macwyl·

204 3989 261 4055 lok
277 3989 440 4066 Caunton,
454 3986 602 4053 testibus.

249 4160 340 4226 Irsu
351 4158 399 4224 hii
411 4170 488 4223 sunt
499 4157 557 4223 xii.
566 4158 745 4244 burgenses
758 4156 844 4223 villae
858 4156 899 4221 de
911 4154 1014 4222 Olone
1027 4154 1232 4240 principales,
1240 4154 1407 4235 nominati,
1419 4175 1534 4228 Nomina
1545 4177 1608 4228 bur·

207 4246 314 4324 electi,
331 4256 364 4310 et
386 4244 564 4328 presentati
584 4243 714 4309 domino
737 4242 879 4308 Geraldo
898 4241 964 4306 Dei
982 4242 1091 4327 gracia
1111 4242 1273 4326 Episcopo
1292 4239 1408 4321 Olone,
1484 4240 1582 4292 'mdo

206 4331 241 4397 in
255 4331 429 4397 hundredo
444 4352 502 4397 suo
512 4340 658 4397 tenentes
670 4329 802 4407 ibidem,
818 4326 870 4394 die
885 4327 987 4394 Lunsa
1003 4327 1152 4412 proximo
1165 4338 1238 4410 post
1253 4325 1408 4393 Clausum
1452 4318 1510 4357 Μ·
