3825 5059
1093 509 1222 618 46‘

515 698 629 763 dicunt
644 696 734 782 quod
746 694 961 780 Balycrenan,
973 690 1127 777 Balydar,
1142 702 1175 755 et
1187 689 1375 777 carybothy
1388 703 1541 759 tenentur
1552 694 1594 759 de
1604 694 1739 761 Castro

516 784 627 849 Chori.
673 783 757 847 Item
782 780 943 845 Bothelan
967 790 1097 842 tenetur
1122 777 1162 840 de
1187 777 1299 840 eadem
1323 801 1398 842 cum
1421 778 1588 845 Louchan.
1635 780 1741 845 Item

516 870 630 933 dicunt
645 868 735 953 quod
750 866 934 953 Balykynel
948 876 1077 927 tenetur
1099 863 1139 925 de
1156 861 1318 946 Episcopo
1337 862 1452 943 Clone,
1469 888 1529 949 per
1550 867 1740 932 servitium

513 954 610 1018 iilib.
624 975 715 1018 cerae.
749 951 833 1017 Item
847 951 934 1036 quod
952 949 1099 1034 Balyhan
1116 958 1164 1012 est
1179 948 1219 1010 de
1235 949 1434 1030 possessione
1450 950 1601 1017 ecclesire.
1636 950 1739 1015 Item

516 1037 700 1124 Balyregan
731 1050 764 1102 et
794 1034 1031 1122 Balyniraghty
1059 1044 1136 1097 sunt
1165 1030 1325 1111 similiter,
1354 1034 1504 1120 ignorant
1533 1059 1593 1120 per
1621 1058 1737 1121 quem

515 1138 634 1190 statum
657 1124 827 1188 habentur.
872 1121 958 1186 Item
980 1120 1095 1184 dicunt
1114 1119 1204 1202 quod
1222 1115 1288 1202 [de]
1308 1118 1485 1203 Slevyuhe
1528 1135 1562 1187 et
1583 1121 1738 1207 Slevyn·

515 1232 585 1275 mor
608 1209 753 1274 similiter
777 1208 939 1293 ignorant.
985 1204 1069 1268 Item
1096 1203 1258 1267 Kilmawe
1280 1202 1337 1289 [et]
1359 1144 1543 1291 Kylgarlan
1568 1218 1736 1271 tenentur

516 1296 557 1359 de
587 1294 734 1373 ecclesia,
760 1292 912 1378 ignorant
936 1313 994 1374 per
1019 1288 1110 1374 quod
1134 1288 1312 1353 servitium.
1358 1290 1403 1354 Et
1426 1291 1516 1376 quod
1540 1292 1737 1357 Hibernica

515 1380 606 1446 Villa
620 1392 670 1444 est
684 1379 725 1444 de
746 1378 875 1443 domino
894 1376 935 1440 de
958 1376 1074 1453 Clone,
1093 1374 1242 1459 ignorant
1260 1397 1319 1459 per
1342 1397 1440 1460 quem
1460 1389 1578 1442 statum
1599 1377 1733 1442 habent

516 1477 676 1531 tenentes.

562 1634 681 1700 Adhuc
705 1632 904 1698 munimenta
924 1630 1060 1696 manerii
1082 1631 1124 1695 de
1147 1628 1316 1712 Kyllenon
1342 1653 1407 1696 non
1428 1654 1529 1717 supra
1552 1654 1613 1697 uec
1637 1633 1731 1697 infra

518 1720 646 1803 scripta.

560 1803 710 1870 Vicarius
726 1804 767 1869 de
783 1803 897 1881 Clone,
919 1826 976 1869 va.

560 1890 741 1956 Nicholaus
757 1889 901 1973 Trolley,
922 1912 944 1951 v
953 1911 979 1953 s.

560 1976 760 2041 Willielmus
781 1975 835 2040 fitz
858 1973 981 2053 David,
1003 1997 1063 2057 pro
1086 1970 1235 2057 Rachyn‚
1255 1970 1316 2036 iis.

561 2060 742 2127 Nicholaus
767 2060 802 2124 K
826 2083 893 2144 rry,
915 2082 975 2143 pro
997 2059 1055 2124 iiii.
1078 2057 1196 2144 hylles‚
1217 2056 1276 2121 iis.
1298 2056 1373 2121 vid.

561 2148 723 2213 Dominus
744 2145 798 2208 W'
830 2146 942 2209 'elmus
963 2144 1028 2208 fitz.
1052 2142 1199 2221 Geraldi,
1219 2165 1281 2227 pro
1304 2142 1457 2227 Neynan,
1478 2164 1537 2208 xa.

562 2233 673 2297 David
694 2232 759 2296 fita.
784 2231 806 2295 J
809 2230 922 2294 ordani
945 2228 1104 2305 Kaniton,
1127 2250 1188 2311 pro
1210 2228 1325 2302 Aeros,
1346 2226 1406 2291 xiii
1415 2249 1441 2291 s.
1456 2228 1505 2291 iiii
1514 2228 1545 2291 d.

563 2316 746 2381 Edwardus
768 2316 831 2379 fitz.
848 2314 1032 2391 Michaelis,
1054 2336 1113 2398 pro
1137 2312 1284 2398 Brygoh,
1305 2335 1388 2377 ω.

563 2400 728 2464 Robertus
748 2401 813 2464 fitz.
837 2411 897 2463 etc.
922 2398 1081 2477 Kanitou,
1102 2420 1163 2482 pro
1187 2398 1375 2483 Wressogh‚
1395 2396 1465 2463 vis.
1481 2398 1580 2465 viiid.

561 2484 760 2549 Willielmus
782 2483 898 2548 Walsh
920 2506 995 2548 cum
1017 2484 1122 2561 sociis,
1144 2505 1204 2566 pro
1227 2496 1287 2548 etc.
1310 2504 1366 2549 va.

562 2570 674 2637 Abbas
696 2570 737 2634 de
760 2569 912 2653 Fermoy,
933 2591 994 2653 pro
1016 2568 1086 2655 Kyl
1111 2569 1207 2647 allen,
1228 2567 1310 2633 iilis.
1326 2590 1418 2633 cerae.

564 2656 675 2723 David
697 2656 737 2719 de
759 2654 792 2719 la
813 2654 926 2719 Roche
947 2654 1035 2719 filius
1056 2592 1251 2731 Alexandri,
1272 2677 1332 2738 pro
1354 2655 1472 2733 Aeros,
1595 2677 1688 2721 cerae.

564 2829 838 2904 Mnuoarunun,
861 2826 950 2913 quod
974 2825 1124 2892 Andreas
1148 2825 1309 2910 Plemyng
1333 2836 1422 2889 tenet
1445 2825 1656 2911 Kylbrahcsn
1680 2826 1723 2891 de

520 2916 663 2981 manerio
679 2915 722 2980 de
737 2914 917 3001 Kyllenon,
931 2935 991 2997 pro
1008 2936 1073 2999 quo
1088 2912 1213 2978 solvere
1229 2910 1327 2975 debet
1344 2912 1506 2975 annuatim
1524 2912 1591 2977 xlc.
1636 2911 1725 2977 Item

522 3000 683 3087 Magister
709 2999 886 3086 Dionysius
911 2997 1035 3065 Ocolan
1059 3022 1119 3083 pro
1143 2998 1186 3063 vi.
1205 2998 1286 3061 acris
1310 3008 1406 3063 terras
1426 2998 1513 3081 apud
1538 2998 1725 3083 Balynegy·

521 3086 718 3233 stillet?
741 3084 1089 3235 asmata
1102 3082 1303 3234 llll?
1323 3082 1725 3233 litteratim

521 3252 714 3323 Kilcornan‚
738 3252 818 3315 iilic.
842 3276 933 3317 cerae.
985 3254 1069 3317 Item
1093 3265 1179 3317 terra
1207 3274 1280 3338 quoe
1301 3251 1364 3316 suit
1387 3253 1536 3318 Mauritii
1559 3253 1600 3317 de
1657 3191 1725 3338 ripe

522 3359 621 3422 quam
645 3335 826 3418 Episcopus
850 3338 1055 3419 recuperavit
1077 3359 1137 3420 per
1165 3337 1382 3412 Escaetorem,
1406 3337 1530 3403 scilicet
1553 3338 1619 3403 viii.
1641 3362 1723 3404 acroe

521 3422 556 3485 in
578 3420 710 3494 Clenor,
725 3430 758 3482 et
777 3430 864 3483 terra
877 3419 917 3483 de
935 3418 1098 3485 Macollan
1113 3432 1146 3484 et
1161 3419 1350 3496 Machallot,
1365 3443 1424 3503 per
1442 3423 1612 3487 servitium
1626 3427 1725 3502 xxd„

547 3528 660 3570 uarum
674 3502 824 3570 Vicarius
840 3504 880 3567 de
897 3504 1017 3569 Clenor
1033 3505 1111 3569 dicit
1132 3504 1220 3589 quod
1235 3505 1304 3587 ipse
1320 3515 1409 3569 tenet
1422 3528 1454 3568 v.
1471 3528 1559 3569 acras
1576 3508 1617 3572 de
1636 3510 1724 3576 dicto

522 3529 706 3669 hscaetore,
736 3602 770 3653 et
798 3588 995 3655 Willielmus
1023 3589 1089 3655 fitz.
1119 3588 1229 3654 David
1257 3589 1315 3653 xii.
1343 3612 1442 3669 acras,
1469 3591 1578 3675 quoad
1605 3606 1725 3659 terram

523 3677 700 3755 Machalot,
727 3674 892 3741 Johannes
920 3674 1007 3739 filius
1037 3674 1255 3740 Bartholomei
1281 3674 1416 3739 Walens
1446 3676 1487 3741 de
1516 3675 1637 3743 Clenor
1653 3680 1725 3766 jam

523 3774 624 3843 tenet,
638 3786 698 3847 pro
717 3762 791 3827 ixd.
836 3762 919 3827 Item
938 3761 1044 3826 dictus
1059 3760 1210 3826 Vicarius
1228 3771 1318 3825 tenet
1331 3760 1367 3826 in
1382 3760 1502 3827 Clenor
1516 3784 1621 3829 xxxv·
1636 3787 1725 3829 acras

524 3860 557 3913 et
572 3849 593 3915 i.
610 3860 754 3934 strangam
769 3872 828 3933 pro
844 3847 910 3913 xis.

567 4016 761 4081 Umvmus
780 4016 1077 4097 christifidelibus,
1092 4031 1258 4102 presentes
1273 4017 1381 4083 literas
1396 4017 1513 4083 visuris
1527 4019 1581 4083 vel
1596 4018 1724 4084 auditu·

524 4103 580 4180 ris,
595 4100 776 4165 Nicholaus
794 4102 896 4168 Clone
916 4103 1110 4188 Episcopus,
1128 4104 1265 4169 salutem
1281 4104 1316 4167 iu
1335 4102 1464 4168 domino
1486 4105 1724 4188 sempiternam,

524 4185 665 4255 Noverit
694 4186 885 4253 universitas
912 4202 1021 4253 vestra
1048 4212 1107 4254 nos
1135 4190 1328 4255 concessisse
1355 4190 1452 4253 etad
1478 4188 1602 4253 firmam
1625 4190 1724 4254 tradi·

526 4274 610 4339 disse
641 4271 769 4337 domino
798 4271 929 4337 Thomae
957 4274 998 4337 de
1029 4274 1138 4359 Rupe,
1167 4288 1266 4340 totam
1292 4274 1382 4339 illam
1410 4274 1603 4358 particulam
1628 4286 1723 4341 terrae

525 4380 600 4423 eum
622 4356 836 4440 pertinentiis,
860 4380 958 4441 quam
977 4361 1082 4425 tenuit
1105 4361 1146 4425 de
1168 4359 1262 4426 nobis
1284 4358 1450 4425 Iohannes
1470 4359 1555 4425 filius
1572 4359 1725 4446 Dionysii
